2826 3736
512 223 592 284 16
1035 210 2008 282 GENESIS.

502 346 610 407 quia
632 354 761 408 putat
784 341 895 391 nihil
919 342 1121 400 influere,
1158 341 1234 391 sed
1256 342 1384 406 quod
1409 357 1548 390 omne
1571 341 1626 389 fit
1658 341 1855 389 naturale
1878 340 2134 404 quoddam,
2168 341 2211 391 ei
2234 355 2500 403 connatum,

500 413 563 460 ita
583 411 710 475 quod
734 426 870 458 omne
894 410 947 456 fit
971 411 1018 456 in
1042 408 1099 466 se,
1137 425 1244 457 cum
1271 407 1433 465 infans,
1470 424 1580 455 cum
1614 419 1767 454 tamen
1797 406 1978 471 prorsus
2000 407 2126 455 aliter
2149 407 2191 457 se
2215 425 2283 458 res
2307 410 2465 460 habeat
2487 433 2498 461 ε

501 476 564 529 ,ἀε
588 477 810 540 Reliquiis
834 478 991 538 paffim
1015 477 1164 539 agitur
1201 477 1246 522 in
1272 474 1441 529 Verbo,
1478 475 1527 521 &
1563 489 1645 537 per
1674 473 1768 520 illas
1811 473 2122 537 fignificantur
2141 474 2277 524 status
2299 478 2383 535 illi,
2417 496 2500 543 per

501 559 617 606 quos
642 543 782 591 homo
806 542 859 589 fit
882 541 1039 598 homo,
1077 544 1125 588 ὅτ
1164 541 1250 587 hoc
1283 556 1308 587 a
1347 539 1442 587 solo
1464 540 1685 587 Domino.
1754 540 1984 603 Reliquiae
2024 551 2195 598 autem,
2230 558 2337 605 quae
2375 543 2501 608 apud

503 610 782 665 Dominum,
820 605 1002 654 fuerunt
1039 621 1197 653 omnes
1237 605 1371 655 status
1394 606 1574 663 Divini,
1610 622 1725 669 quos
1762 604 1843 652 fibi
1879 605 1969 669 Ipsi
2007 610 2304 670 comparavit,
2339 610 2389 657 δε
2420 626 2502 674 per

500 676 912 738 quos‘Humanam
937 673 1182 720 Essentiam
1207 673 1357 721 univit
1378 673 1583 729 Divinae,
1619 687 1712 719 non
1741 671 2060 735 comparandae
2099 673 2199 720 sunt
2239 690 2348 722 curn
2371 676 2500 724 Reli-

506 744 625 803 quiis
647 740 768 803 apud
793 739 1047 795 hominem,
1084 754 1189 785 nam
1214 738 1286 784 hae
1309 754 1403 784 non
1435 737 1536 784 sunt
1555 739 1743 785 Divinae
1766 737 1840 786 sed
1876 738 2088 785 humanae
2108 757 2119 786 :
2158 739 2248 787 illae
2271 741 2500 806 Reliquiae

505 807 622 863 sunt,
658 821 764 869 quae
804 805 1112 867 fignificantur
1148 820 1227 867 per
1263 804 1423 865 dec-em
1453 819 1592 850 annos
1633 803 1799 866 quibus
1823 803 2003 851 Abram
2043 803 2260 853 habitavit
2296 808 2342 854 in
2383 820 2499 858 terra

501 873 713 919 Canaan:
750 887 857 918 cum
884 871 1054 933 Angeli
1093 870 1284 916 audiunt
1306 868 1532 924 Verbum,
1570 884 1665 929 non*
1701 867 1846 929 sciunt
1884 870 1999 933 quid
2021 870 2216 929 Decem,
2259 872 2335 920 sed
2374 873 2500 923 illico

500 954 615 990 ‚cum
639 939 933 984 nominantur
950 938 1007 983 ab
1031 937 1231 992 homine,
1268 935 1455 990 obvenit
1479 934 1565 981 illis
1589 934 1685 981 idea
1708 933 2043 997 Reliquiarum,
2078 953 2184 985 nam
2224 954 2306 1001 per
2335 939 2496 988 decem

502 1005 554 1051 δε
592 1004 789 1051 decimas
828 1004 873 1049 in
896 1002 1051 1050 Verbo
1090 1002 1399 1065 fignificantur
1423 1000 1667 1064 Reliquiae,
1702 1012 1754 1047 ut
1778 999 1950 1048 constat
1987 1000 2043 1047 ab
2067 1002 2153 1050 illis
2176 1019 2283 1067 quae
2307 1003 2426 1052 dicta
2446 1006 2500 1054 &

503 1069 671 1117 ostensa
709 1069 810 1116 sunt
845 1085 902 1115 n:
931 1069 1040 1132 576.
1073 1072 1232 1132 17383
1269 1070 1317 1115 δε
1359 1079 1470 1114 'cum
1509 1067 1783 1130 percipiunt,
1818 1067 1945 1130 quod
1980 1064 2117 1115 fuerit
2153 1084 2179 1115 a
2210 1068 2500 1120 finedecem

500 1151 746 1192 annorum,
779 1150 874 1198 quo
911 1134 1133 1182 habitavit
1155 1133 1333 1181 Abram
1371 1135 1418 1181 in
1452 1145 1572 1179 'terra
1608 1133 1804 1189 Canaan,
1839 1132 2029 1180 obvenit
2066 1133 2167 1181 idea
2201 1135 2412 1193 Domini,
2447 1139 2500 1188 δε

496 1202 641 1251 fimul
666 1204 899 1249 innumera
921 1216 1028 1264 quae
1052 1200 1361 1264 fignificantur
1383 1214 1464 1264 per
1487 1198 1720 1261 Reliquias
1742 1198 1867 1263 apud
1889 1199 2171 1258 Dominum,
2206 1216 2316 1248 cum
2339 1200 2429 1251 fuit
2450 1204 2499 1252 in

497 1268 697 1317 mundo.
1346 1296 1348 1298 >
1776 1287 1779 1290 ·
1858 1287 1861 1289 ·

578 1351 716 1398 1907.
753 1334 818 1381 Et
847 1333 974 1387 dedit
1011 1349 1112 1380 eam
1135 1331 1344 1380 Abramo
1377 1331 1479 1378 viro
1509 1329 1589 1379 suo
1625 1330 1694 1379 illi
1732 1332 1779 1379 in
1814 1333 2072 1390 mulierem,
2108 1333 2236 1396 quod
2273 1334 2498 1399 fignificet

493 1398 871 1462 ‘'conjuncfftionem
910 1400 1120 1446 incitante
1160 1399 1394 1446 affeciione
1425 1401 1538 1454 veri,
1573 1397 1746 1446 constat
1781 1415 1838 1445 ex
1859 1398 1944 1446 illis
1968 1414 2074 1462 quae
2097 1398 2230 1463 supra
2252 1400 2372 1447 dicta
2395 1401 2497 1450 sunt

491 1465 560 1519 ,de
584 1467 704 1512 Sarai
728 1481 872 1512 uxore
895 1464 1105 1521 Abrami,
1141 1465 1268 1528 quod
1308 1465 1360 1512 fit
1400 1463 1577 1511 affectio
1614 1465 1708 1511 veri
1746 1465 1794 1512 in
1833 1465 2033 1527 genuino
2062 1464 2186 1513 sensu
2205 1489 2221 1522 3
2256 1466 2308 1514 ὅτ
2330 1482 2385 1514 ex
2409 1467 2496 1516 illis

499 1547 611 1595 quae
645 1532 764 1578 dicta
788 1530 889 1578 sunt
911 1531 968 1577 de
991 1528 1307 1594 conjunctione
1329 1532 1498 1578 Interni
1522 1531 1720 1578 hominis
1741 1546 1850 1577 cum
1880 1531 1975 1591 vita
2005 1531 2056 1578 δε
2097 1530 2331 1580 affeffione
2353 1533 2496 1582 Exte-

498 1599 647 1654 ,rioris,
683 1583 804 1644 unde
827 1597 1077 1645 Rationale.
1146 1597 1311 1660 Hagar
1333 1613 1425 1644 non
1450 1596 1554 1644 data
1574 1596 1639 1644 est
1658 1596 1870 1644 Abramo
1892 1598 1940 1644 in
1962 1613 2154 1645 uxorem
2174 1620 2188 1654 ;
2222 1597 2298 1646 sed
2320 1599 2367 1646 in
2391 1615 2495 1647 mu·
2565 1602 2568 1604 ’

506 1664 678 1720 lierem,
713 1663 841 1727 quod
880 1663 986 1710 inde
1021 1663 1150 1710 ducit
1189 1662 1382 1720 causam,
1417 1663 1523 1726 quia
1545 1679 1603 1711 ex
1628 1663 1728 1727 lege
1751 1663 1922 1711 ordinis
1943 1664 2105 1711 Divini
2136 1662 2216 1721 est,
2250 1665 2379 1727 quod
2403 1681 2496 1714 non

492 1730 557 1785 ,fit
580 1728 883 1794 Conjugium,
919 1729 998 1776 nifi
1036 1730 1170 1776 unius
1207 1730 1296 1781 viri
1335 1731 1381 1776 &
1421 1730 1557 1776 unius
1596 1730 1750 1777 uxoris
1770 1751 1795 1791 ;¹
1820 1745 1949 1776 amor
1981 1728 2247 1794 conjugialis
2270 1730 2495 1794 nusquam

480 1796 651 1849 „dividi
684 1795 847 1858 potest,
880 1797 961 1858 qui
1001 1795 1224 1845 dividitur
1259 1796 1373 1845 inter
1399 1794 1568 1858 plures,
1604 1812 1698 1842 non
1735 1795 1799 1842 est
1837 1811 1965 1843 amor
1999 1795 2283 1860 conjugialis,
2319 1796 2394 1845 sed
2429 1797 2494 1846 est

490 1860 712 1917 lasciviae,
748 1862 920 1923 dequa
942 1877 1005 1919 re,
1041 1877 1098 1909 ex
1119 1863 1292 1913 Divina
1322 1861 1518 1910 Domini
1541 1860 1868 1917 Misericordia,
1904 1862 1949 1907 in
1975 1860 2274 1924 sequentibus.

490 1977 496 1981 ,
577 1931 714 1989 1908.
751 1926 894 1974 Vers:
931 1944 977 1986 4.
1018 1930 1078 1974 Et
1097 1926 1295 1991 ingrcffus
1316 1928 1376 1975 ad
1397 1928 1632 1989 Hagarem,
1671 1928 1727 1978 ἐρ’
1753 1929 1970 1988 concepit,
2009 1928 2065 1980 ξεῖ
2089 1927 2207 1976 vidit
2225 1924 2339 1998 quod
2357 1943 2495 1978 conce-

491 1995 632 2054 perit,
669 1994 725 2043 ἐρ’
750 1994 853 2039 vilis
863 1992 961 2053 fuit
978 1993 1167 2040 Domina
1201 1997 1292 2056 eJ'us
1329 1996 1375 2040 in
1410 1993 1538 2040 oculis
1568 1995 1669 2057 qjus.
1739 1992 1964 2056 Ingreffus
1985 1993 2321 2056 adHagarem,
2357 1994 2496 2058 figni-

503 2058 609 2105 ficat
645 2056 1012 2122 conjunctionem
1035 2059 1203 2108 Interni
1225 2060 1448 2108 Hominis
1487 2075 1595 2106 cum
1630 2061 1741 2116 vita,
1776 2075 1883 2123 quae
1918 2058 1983 2110 est
2015 2058 2264 2106 affectionis
2293 2058 2493 2111 scientia-

488 2121 636 2181 rum:
674 2127 720 2171 δι
747 2125 971 2187 concepit,
1007 2124 1227 2186 fignificat
1265 2127 1465 2187 primam
1498 2127 1642 2173 vitam
1678 2124 1930 2175 rationalis:
1968 2127 2017 2173 ὅτ
2039 2124 2159 2172 vidit
2181 2125 2309 2188 quod
2332 2142 2493 2175 conce·

502 2191 635 2254 perit,
659 2191 720 2244 K&
744 2190 846 2237 vilis
869 2190 957 2236 fuit
979 2190 1184 2236 Domina
1206 2191 1252 2237 in
1275 2189 1418 2237 oculis
1441 2187 1552 2252 ejus,
1577 2191 1800 2253 fignificat
1821 2191 1948 2253 quod
1969 2190 2182 2239 rationale
2202 2191 2290 2240 hoc
2313 2192 2360 2241 in
2384 2208 2493 2241 con-

498 2258 711 2320 ceptione
734 2255 812 2303 sua
833 2255 1128 2318 vilipenderet
1161 2255 1308 2319 ipsum
1331 2271 1495 2305 verum
1518 2253 1786 2319 adjunctum
1796 2256 1945 2317 bono.
2252 2317 2257 2321 Ι
2315 2286 2318 2288 -

493 2373 498 2377 ,
576 2338 715 2387 ¹909·
752 2323 974 2384 Ingreffus
995 2321 1051 2368 ad
1074 2323 1329 2384 Hagarem,
1365 2321 1494 2385 quod
1533 2320 1753 2384 fignificet
1793 2321 2159 2385 conjunctionem
2190 2323 2359 2371 Interni
2383 2325 2492 2374 Ho-

416 2388 421 2391 '
489 2388 640 2436 ‚minis
661 2404 770 2434 cum
794 2390 892 2434 vita
923 2403 1029 2450 quae
1053 2387 1118 2434 est
1149 2388 1396 2435 affectionis
1419 2387 1720 2444 scientiarum,
1756 2386 1928 2443 constat
1953 2404 2011 2449 ex
2044 2388 2367 2452 significatione
2386 2391 2491 2440 Ha-

496 2455 638 2518 ,garis,
674 2453 800 2517 quod
825 2453 878 2500 fit
900 2455 995 2500 vita
1017 2453 1213 2500 hominis
1230 2454 1477 2501 Exterioris
1500 2453 1573 2500 seu
1595 2453 1824 2508 naturaliS,
1848 2454 1906 2502 de
1928 2470 2020 2518 qua
2042 2453 2171 2518 supra
2193 2455 2250 2502 ad
2267 2455 2401 2503 Vers:
2429 2475 2449 2506 1
2472 2480 2488 2514 ;

486 2535 611 2583 ⁴quae
635 2521 731 2566 vita
753 2519 880 2582 quod
904 2519 958 2567 s1t
980 2520 1076 2566 vita
1092 2519 1344 2567 affectionis
1368 2519 1668 2577 scientiarum,
1702 2520 1873 2567 constat
1905 2535 1933 2567 a
1955 2520 2280 2584 significatione
2314 2523 2490 2571 ancillae

485 2587 758 2649 ,AEgyptiae‚
794 2586 849 2632 de
872 2602 962 2649 qua
981 2587 1116 2632 etiam
1154 2586 1295 2648 supra.
1365 2587 1481 2634 Sunt
1518 2586 1669 2650 plures
1707 2585 1962 2633 affectiones
1985 2587 2235 2636 Exterioris
2273 2588 2490 2647 hominis,

491 2668 659 2698 omnes
681 2651 766 2698 suis
791 2651 941 2698 ufibus
965 2651 1146 2709 dicatae‚
1183 2652 1256 2698 sed
1277 2668 1374 2715 prae
1396 2653 1611 2700 omnibus
1634 2652 1721 2699 illis
1743 2651 1923 2717 praestat
1955 2651 2132 2700 affectio
2170 2654 2490 2717 cognitionum

488 2719 550 2774 νδε
575 2718 872 2774 scientiarum,
909 2734 1017 2765 cum
1050 2733 1135 2780 pro
1158 2717 1247 2765 fine
1270 2719 1418 2774 habet,
1455 2731 1506 2765 ut
1526 2734 1632 2766 vere
1656 2718 1906 2766 Rationalis
1929 2720 2023 2775 fiat,
2058 2735 2163 2766 nam
2201 2719 2260 2766 fic
2289 2735 2374 2782 pro
2396 2721 2488 2768 fine

499 2783 632 2833 habet
656 2783 828 2830 bonum
861 2785 908 2830 ὃς
933 2799 1107 2830 verum.
1161 2783 1258 2846 Ipsa
1277 2786 1372 2831 vita
1393 2785 1562 2832 Interni
1594 2785 1791 2833 hominis
1817 2785 1965 2832 influit
1986 2786 2034 2831 in
2056 2800 2213 2832 omnes
2233 2784 2489 2834 affectiones

488 2849 698 2907 „hominis
722 2849 947 2906 naturalis,
983 2849 1055 2895 sed
1089 2850 1152 2897 ibi
1184 2849 1432 2897 secundum
1464 2851 1576 2898 fines
1598 2852 1826 2905 variatur,
1861 2865 1970 2898 cum
2004 2849 2051 2895 in
2074 2849 2346 2906 affefflones‚
2380 2867 2489 2915 quae

498 2931 586 2978 pro
610 2914 698 2960 fine
732 2914 898 2961 habent
922 2915 1167 2972 mundum,
1203 2916 1463 2963 vivificatur
1502 2917 1602 2964 finis
1638 2916 1713 2963 hic
1742 2919 1777 2963 ‘a
1814 2917 1908 2962 vita
1944 2914 2035 2970 illa,
2071 2915 2121 2962 &
2149 2914 2204 2961 fit
2232 2918 2326 2963 vita
2348 2932 2485 2965 mun-

492 2982 647 3034 dana,
683 2995 792 3026 cum
816 2982 860 3026 in
892 2980 1162 3037 affectione-S,
1197 2997 1302 3044 quae
1326 2998 1412 3045 pro
1435 2983 1525 3029 fine
1546 2982 1712 3028 habent
1735 2980 1889 3037 semet,
1925 2979 2027 3028 finis
2063 2978 2137 3028 hic
2172 2981 2429 3029 vivificatur
2459 2999 2486 3030 a

497 3047 592 3093 vita
614 3045 702 3101 illa,
738 3047 788 3092 ὅτ
821 3046 875 3092 fit
897 3049 990 3092 vita
1012 3063 1241 3110 corporea,-
1276 3049 1337 3095 ita
1357 3064 1465 3095 cum
1490 3048 1706 3110 reliquis;
1742 3046 1847 3093 inde
1879 3046 1959 3104 est,
1994 3046 2121 3110 quod
2143 3047 2410 3111 cupiditates
2431 3049 2483 3096 δε

486 3111 735 3175 phantasiae
776 3112 934 3160 vivant
973 3111 1047 3159 sed
1078 3115 1223 3160 vitam
1256 3115 1524 3160 contrariam
1556 3113 1780 3160 affectioni
1804 3112 1912 3160 boni
1937 3109 1997 3160 δι’
2010 3113 2136 3160 veri:
2172 3115 2269 3170 vita
2291 3114 2486 3162 influens

492 3194 589 3229 non
621 3178 870 3243 applicatur
894 3179 968 3226 alii
991 3176 1168 3243 objecfto
1190 3194 1331 3243 quam
1353 3180 1451 3238 fini,
1487 3180 1597 3243 quia
1618 3181 1722 3228 finis
1744 3179 1990 3244 unicuique
2023 3178 2088 3227 est
2118 3175 2213 3244 ejus
2239 3174 2393 3238 amor,
2429 3181 2482 3228 δε

2353 3260 2481 3295 amor
