2788 3744
460 269 541 334 16
967 258 1939 328 GENESIS.

437 393 489 445 ‘ln
527 397 673 462 platea
709 395 967 461 perno&are
1008 395 1053 444 in
1093 393 1215 444 sensu
1251 394 1428 443 interno
1460 393 1514 441 fit
1544 410 1602 441 ex
1624 408 1733 440 vero
1747 391 1963 457 judicare.
2034 395 2180 455 Quod
2207 395 2446 457 Judicium

442 464 617 522 attinet,
654 464 718 511 est
741 463 851 510 illud
877 462 1063 526 duplex,
1101 477 1265 524 nempe
1303 476 1360 507 ex
1398 460 1537 516 bono,
1575 461 1623 507 &
1659 474 1718 505 ex
1751 474 1893 514 vero,
1930 460 2085 507 fideles
2102 460 2366 523 judicantur
2389 477 2446 512 ex

444 528 583 586 bon0,
619 542 663 577 at
688 529 888 576 infideles
911 544 967 575 ex
989 543 1099 573 vero
1119 548 1133 583 3
1167 526 1292 589 quod
1319 525 1473 572 fideles
1496 541 1553 572 ex
1575 524 1698 572 bono
1721 523 1894 571 constat
1919 525 2147 574 manifeste
2171 529 2290 591 apud
2316 530 2446 578 Mat-

443 595 618 643 thaeum
643 597 740 659 Cap
760 614 770 643 ε
799 610 913 650 xxv,
948 610 973 639 a
995 591 1137 639 Vers:
1164 609 1227 655 34
1253 592 1310 639 ad
1334 608 1398 652 40
1419 612 1433 647 3
1468 591 1518 638 &
1541 590 1668 655 quod
1701 589 1906 638 infideles
1928 606 1986 638 ex
2008 607 2133 649 vero,
2170 591 2233 641 ibi
2257 610 2282 641 a
2303 595 2442 653 vers:

442 677 499 721 41
531 661 584 707 ad
612 663 711 721 453
740 659 933 723 judicari
973 674 1030 705 ex
1070 657 1208 714 bono,
1243 656 1308 704 est
1345 656 1516 715 salvari,
1552 658 1658 722 quia
1696 656 1810 704 illud
1853 671 2154 721 receperunt;
2188 671 2234 706 at
2247 657 2444 724 judicari
2483 721 2486 724 Ι

441 743 497 774 ex
521 743 643 783 vero,
681 726 743 773 est
768 726 989 782 damnari,
1024 725 1130 787 quia
1168 723 1342 787 bonum
1383 721 1631 787 rejecerunt
1651 745 1668 780 ·,
1703 722 1877 773 bonum
1918 724 1983 771 est
2004 724 2217 782 Domini,
2250 725 2340 774 hoc
2363 731 2443 792 qui

440 792 688 855 agnoscunt
713 794 807 839 vit‘a
829 793 878 839 &
903 791 1010 847 fide,
1045 789 1147 836 sunt
1169 790 1382 846 Domini,
1410 788 1555 853 ⁴quare
1592 788 1847 846 salvantur·,
1885 802 1932 838 at
1960 792 2042 854 qui
2076 807 2168 839 non
2191 791 2441 856 agnoscunt

440 862 533 905 vita
572 859 762 922 proinde
798 873 891 904 non
930 856 1037 912 fide,
1073 855 1139 902 illi
1179 872 1272 903 non
1301 855 1494 919 'poffunt
1532 855 1615 902 effe
1638 856 1851 912 Domini,
1888 857 1956 922 ita·
1980 873 2061 904 nec
2096 854 2283 915 salvari;
2312 857 2438 922 judi·

439 936 596 972 cantur
635 925 737 971 ideo
776 922 1022 970 secundum
1062 923 1174 969 vitae
1213 920 1305 970 suae
1341 921 1436 969 asta
1466 922 1515 970 δε
1550 920 1797 968 secundum
1822 923 2118 984 cogitationes
2152 924 2202 972 ὅτ
2225 925 2353 982 fines,
2389 928 2438 976 &

440 1006 548 1037 cum
573 989 821 1038 secundum
844 989 961 1047 haec,
996 1004 1088 1036 non
1111 988 1294 1052 possunt
1318 1004 1411 1035 non
1434 987 1655 1044 damnari,
1692 1003 1799 1034 nam
1822 1002 1987 1035 verum
2019 988 2098 1047 est,
2134 991 2261 1053 quod
2298 991 2439 1042 homo

439 1072 496 1105 ex
520 1056 560 1104 se
592 1072 682 1104 non
720 1057 801 1104 nifi
838 1055 1013 1103 malum
1046 1053 1194 1111 faciat,
1231 1054 1402 1118 cogitet
1438 1054 1488 1102 &
1513 1054 1731 1110 intendat,
1768 1054 1819 1101 &
1841 1069 1900 1100 ex
1925 1053 1966 1101 se
1990 1067 2088 1103 ruat
2110 1056 2168 1103 ad
2190 1055 2462 1118 infernum,⁴

438 1134 661 1185 quantum
700 1139 791 1170 non
832 1122 937 1169 inde
967 1121 1193 1168 detinetur
1227 1136 1253 1167 a
1273 1121 1496 1167 Domino.
1567 1120 1656 1168 Sed
1680 1121 1740 1167 ita
1764 1119 1804 1166 se
1828 1119 1960 1168 habet
1977 1119 2208 1183 judicium
2229 1139 2285 1181 ex
2309 1139 2436 1185 vero,

438 1189 667 1236 Dominus
691 1189 911 1252 nusquam
935 1187 1133 1251 aliquem
1159 1185 1331 1250 judicat
1353 1201 1493 1249 quam
1517 1186 1574 1234 ex
1603 1186 1745 1243 bono,
1782 1202 1942 1234 omnes
1962 1190 2101 1246 enim,
2141 1202 2439 1255 quotcunque

436 1254 553 1313 sunt,
589 1257 634 1302 in
660 1256 834 1303 coelum
859 1254 1058 1301 attollere
1082 1254 1200 1309 vult,
1238 1255 1334 1299 imo
1369 1252 1403 1298 s1
1443 1253 1586 1316 poffet
1618 1252 1772 1316 usque
1798 1252 1853 1299 ad
1885 1253 2053 1311 Semet‚
2090 1254 2153 1302 est
2191 1257 2314 1303 enim
2334 1259 2435 1306 Do·

436 1322 591 1369 minus
626 1322 716 1385 ipsa
741 1320 1068 1376 Misericordia,
1104 1335 1154 1366 ac
1179 1317 1327 1382 ipsum
1353 1319 1572 1374 Bonum3
1609 1317 1699 1382 ipsa
1731 1317 2045 1377 Misericordia
2079 1322 2129 1369 δε
2170 1321 2316 1385 ipsum
2343 1325 2434 1372 Bo-

432 1403 566 1444 num,
604 1388 826 1451 nusquam
850 1387 995 1450 potest
1026 1385 1223 1448 aliquem
1248 1385 1478 1449 damnare,
1516 1384 1588 1432 sed
1630 1383 1694 1431 est
1728 1383 1887 1441 honio,
1923 1387 2028 1449 quia
2065 1386 2205 1452 rejicit
2239 1387 2431 1449 bonum,

433 1455 513 1516 qui
547 1454 588 1501 se
623 1454 837 1509 damnat3
874 1453 987 1500 ficut
1009 1452 1152 1499 homo
1184 1453 1230 1498 in
1255 1454 1349 1499 vita
1371 1453 1572 1515 corporis
1592 1449 1771 1515 fugerat
1795 1450 1984 1510 bonurn,
2022 1455 2081 1501 ita
2104 1456 2151 1501 in
2184 1454 2319 1502 altera
2340 1458 2454 1506 vita‘

433 1519 571 1583 fugit,
608 1521 796 1583 proinde
820 1519 991 1567 coelum
1017 1519 1067 1566 &
1091 1519 1386 1573 Dominum3
1424 1519 1654 1565 Dominus
1677 1518 1800 1565 enim
1825 1534 1916 1565 non
1939 1518 2020 1565 nisi
2050 1535 2190 1583 quam
2226 1523 2272 1568 in
2311 1521 2432 1572 bono

434 1586 579 1649 potest
601 1587 700 1643 effe,
737 1589 782 1633 in
817 1601 925 1632 vero
960 1601 1143 1649 quoque
1182 1584 1260 1642 est,
1296 1584 1369 1632 sed
1393 1601 1486 1631 non
1509 1586 1556 1631 in
1581 1600 1692 1632 vero
1715 1584 1915 1647 separato
1938 1601 1964 1633 a
1988 1585 2142 1643 bono;
2179 1588 2306 1651 quod
2329 1589 2439 1637 Do·‘
2474 1647 2482 1650 =

432 1653 583 1700 minus
631 1669 722 1700 non
762 1652 959 1715 aliquem
999 1652 1200 1708 damnet,
1249 1650 1323 1698 seu
1361 1648 1539 1715 judicet
1586 1650 1643 1698 ad
1691 1649 1950 1708 infernum,
2004 1651 2100 1716 Ipse
2147 1653 2259 1701 dicit
2305 1656 2428 1718 apud
2498 1699 2501 1703 .

429 1719 704 1779 johannem,
743 1723 776 1745 “
800 1719 904 1766 Non
929 1718 1048 1765 misit
1070 1719 1196 1765 Deus
1221 1717 1391 1765 Filium
1417 1717 1548 1765 suum
1571 1719 1619 1764 in
1644 1717 1891 1777 mundum,
1927 1730 1980 1764 ut
1984 1718 2154 1781 judicet
2177 1721 2425 1780 mundum,

395 1787 401 1795 “
432 1791 466 1812 “
501 1784 575 1831 sed
609 1785 880 1832 utsalvetur
907 1784 1106 1831 mundus
1139 1800 1220 1847 per
1241 1783 1428 1848 Ipsum:
1466 1784 1554 1831 hoc
1586 1783 1650 1831 est
1671 1784 1910 1847 Judicium,
1946 1785 2074 1847 quod
2097 1786 2215 1842 Lux<
2232 1789 2356 1834 venit
2379 1790 2426 1835 in

430 1855 466 1878 “
502 1851 748 1907 mundum,
786 1850 859 1897 sed
883 1850 1138 1899 dilexerunt
1160 1850 1366 1897 homines
1390 1852 1537 1913 magis
1561 1850 1764 1898 tenebras
1787 1865 1927 1913 quam
1952 1850 2120 1908 lucem,
2154 1865 2281 1900 erant
2301 1855 2425 1902 enim

431 1923 467 1946 “
502 1934 636 1980 opera
660 1933 820 1965 eorum
854 1916 1019 1973 mala,'’
1058 1934 1156 1964 111:
1190 1933 1261 1981 17.
1296 1935 1380 1982 19:
1418 1917 1467 1964 δε
1498 1917 1618 1981 apud
1644 1914 1877 1973 Eundem,
1916 1921 1949 1943 “
1975 1917 2022 1962 Si
2046 1919 2146 1982 quis
2174 1935 2274 1967 mea
2296 1920 2423 1967 audi-

433 1988 467 2011 “
501 1986 616 2030 verit
641 1984 791 2040 verba,
830 1999 920 2031 non
957 1997 1107 2030 tamen
1144 1983 1398 2040 crediderit,
1433 1985 1528 2045 Ego
1565 2000 1644 2030 non
1667 1984 1819 2047 judico
1856 1982 2022 2039 illum3
2059 2000 2150 2031 non
2172 1987 2293 2033 enim
2318 1987 2427 2034 veni

430 2054 465 2077 “
500 2063 551 2097 ut
559 2051 746 2114 judicem
772 2051 1017 2107 mundum,
1054 2049 1126 2097 sed
1151 2062 1202 2096 ut
1226 2049 1392 2096 salvem
1420 2050 1699 2106 mundum,”
1735 2064 1808 2096 xii
1832 2068 1843 2097 t
1866 2066 1930 2114 47
1953 2072 1967 2105 ;
2005 2062 2218 2114 praeterea
2240 2052 2424 2100 videan-

426 2127 504 2163 tur
541 2124 646 2179 que
687 2117 743 2163 de
787 2116 854 2163 his
894 2118 1034 2180 prius,
1084 2133 1146 2163 n:
1192 2133 1300 2178 223.
1338 2133 1447 2179 245.
1477 2134 1587 2178 592.
1625 2117 1733 2181 696.
1769 2132 1906 2180 1093.
1939 2116 2074 2180 1683.
2109 2122 2247 2182 1874.
2276 2123 2420 2181 2258.

404 2182 524 2230 -Ubi
559 2183 614 2229 de
637 2183 822 2243 Judicio
853 2181 982 2246 supra
1014 2200 1071 2229 n:
1098 2179 1412 2245 2320s2321,
1450 2184 1618 2240 actum,
1655 2182 1882 2229 ostensum
1918 2182 1996 2240 est,
2034 2184 2161 2246 quod
2195 2185 2423 2233 Humano

425 2248 602 2295 Divino
635 2250 682 2296 ὅτ,
708 2249 871 2295 Sancto
894 2248 1157 2312 procedenti
1181 2249 1374 2294 Domini
1415 2248 1468 2294 fit
1500 2265 1637 2295 omne
1668 2246 1917 2310 judicium,
1954 2250 2202 2296 secundum
2226 2251 2430 2299 Domini-

426 2314 562 2360 verba
598 2316 718 2376 apud
744 2314 1015 2374 Johannem,
1054 2319 1087 2341 “
1110 2314 1222 2360 Non
1246 2313 1565 2376 Paterjudicat
1589 2315 1895 2377 quemquam,
1934 2314 2002 2359 sed
2023 2316 2239 2377 judicium
2279 2333 2421 2365 omne·

425 2380 554 2426 dedit
578 2381 746 2436 Filio,’'
780 2381 854 2427 V:
884 2397 962 2436 22,
996 2380 1047 2425 &
1073 2390 1238 2425 vtamen
1277 2394 1398 2425 nunc
1438 2379 1620 2435 dicitur,
1672 2380 1798 2442 quod
1838 2381 2069 2426 Dominus
2109 2396 2201 2427 non
2238 2379 2420 2444 judicet

424 2445 685 2492 damnando
723 2445 936 2507 aliquem,
975 2444 1080 2491 inde
1121 2455 1259 2506 patet,
1296 2444 1427 2506 quale
1450 2444 1656 2490 Verbum
1683 2443 1745 2490 est
1777 2445 1822 2491 in
1854 2445 1992 2501 litera,
2029 2445 2157 2508 quod
2181 2447 2262 2493 nifi
2286 2448 2416 2495 intel-

422 2512 635 2574 ligeretur
658 2528 715 2558 ex
740 2511 826 2557 alio
849 2508 989 2566 sensu,
1026 2526 1191 2572 nempe
1228 2525 1283 2556 ex
1324 2511 1516 2567 interno,
1553 2526 1644 2557 non
1685 2511 2157 2575 comprehenderetur,
2193 2529 2251 2560 ex
2292 2513 2417 2561 sensu

422 2580 599 2627 interno
623 2578 715 2625 solo
739 2589 878 2640 patet,
913 2576 1152 2640 quomodo
1175 2574 1216 2622 se
1238 2575 1371 2622 habet
1393 2592 1500 2623 cum
1517 2574 1710 2640 judieio.

490 2645 628 2707 2336.
669 2643 810 2705 Qiod
848 2642 997 2690 Platea
1035 2642 1254 2704 significet
1287 2657 1465 2698 verum,
1503 2642 1699 2690 constare
1737 2642 1882 2705 potest
1918 2643 2182 2707 a'pluribus
2220 2645 2331 2694 locis
2366 2648 2413 2696 in

417 2711 588 2767 Verbo,
626 2723 678 2757 ut
712 2709 833 2773 apud
857 2709 1130 2770 Johannem,
1166 2708 1245 2754 ubi
1269 2708 1325 2754 de
1349 2709 1490 2756 Nova
1514 2709 1851 2772 Hierosolyma,
1890 2714 1923 2736 “
1949 2711 2209 2759 Duodecim
2245 2725 2411 2776 portae,

420 2783 453 2803 ‘⁵
487 2776 732 2823 duodecim
757 2777 1029 2839 margaritae,
1065 2776 1331 2838 unaquaevis
1354 2787 1486 2838 porta
1508 2788 1602 2823 erat
1625 2777 1864 2839 margarita
1894 2791 2001 2833 una,
2039 2778 2088 2823 &
2111 2777 2268 2824 Platea
2301 2780 2411 2825 civi·

421 2849 455 2870 ‘⁶
489 2845 596 2889 tatis
635 2858 794 2888 aurum
839 2857 1008 2905 purum
1053 2841 1166 2888 ficut
1200 2842 1373 2888 vitrum
1415 2841 1748 2906 pellucidum,''
1783 2843 1951 2905 Apoc:
1977 2857 2096 2888 xxi:
2126 2859 2201 2891 21.
2271 2843 2412 2892 Nova

418 2908 737 2970 Hierosolyma
768 2907 830 2954 est
854 2910 1075 2970 Regnum
1097 2908 1307 2964 Domini,
1343 2908 1471 2970 quod
1511 2909 1618 2971 quia
1656 2906 1918 2954 describitur
1955 2907 2107 2970 quoad
2147 2907 2323 2955 bonum
2358 2910 2409 2957 &

417 2990 595 3030 verum,
633 2973 893 3021 describitur
929 2990 1010 3037 per
1045 2989 1216 3030 murOS,
1253 2985 1420 3036 portaS,
1455 2973 1655 3036 plateas;
1690 2988 1770 3036 per
1793 2972 1887 3028 has,
1925 2988 2090 3036 nempe
2113 2989 2193 3036 per
2215 2974 2406 3033 Plateas,

417 3040 735 3102 intelliguntur
767 3041 922 3086 omnia
941 3040 1036 3085 veri
1072 3055 1178 3102 quae
1209 3039 1384 3086 ducunt
1419 3041 1476 3085 ad
1512 3038 1704 3094 bonum,
1740 3037 1814 3084 seu
1838 3039 1991 3085 omnia
2023 3039 2145 3097 fidei,
2180 3056 2287 3103 quae
2320 3042 2406 3088 du·

416 3118 525 3154 cunt
563 3106 618 3152 ad
658 3121 859 3152 amorem
894 3106 942 3151 δε
984 3105 1259 3161 charitatem,
1297 3106 1345 3151 ὅτ
1369 3105 1474 3167 quia
1497 3120 1602 3151 vera
1622 3117 1731 3151 tunc
1755 3104 1872 3152 fiunt
1894 3103 2018 3162 boni,
2056 3107 2116 3153 ita
2138 3107 2408 3170 pellucentia
2440 3155 2442 3157 ,

413 3190 438 3220 a
475 3173 613 3228 b0n0,
667 3172 831 3218 dicitur
873 3171 1017 3233 platea
1061 3187 1220 3217 aurum
1247 3169 1388 3232 *quafi
1424 3171 1597 3217 vitrum
1642 3170 1952 3234 pellucidum:
2006 3173 2128 3236 apud
2169 3173 2405 3231 Eundem,
2459 3226 2462 3228 v

410 3246 448 3270 ⁴*
485 3241 528 3289 E
549 3239 679 3289 medio
710 3239 867 3301 plateae
899 3235 992 3303 ejus
1023 3237 1075 3286 &
1107 3237 1252 3293 fluvii,
1288 3236 1362 3284 hic
1392 3236 1484 3284 illic
1522 3236 1656 3287 arbor
1677 3238 1788 3286 vitae
1827 3235 1991 3307 faciens
2023 3238 2196 3287 fructus
2231 3239 2407 3326 duode:

2201 3310 2235 3333 “
2261 3307 2370 3363 cim,
2405 3342 2407 3346 Α
