2788 3744
473 242 563 319 46
989 238 1962 309 GENESIS.

476 373 585 435 quia
607 372 839 421 necessaria
871 374 973 424 sunt
1005 375 1062 424 ad
1093 375 1296 432 salutem,
1325 378 1395 438 ,ita
1434 376 1650 423 dicuntur
1689 376 1734 421 in
1776 375 1916 429 litera,
1952 376 2103 440 qualia
2137 374 2245 423 >sunt
2281 377 2327 424 in
2361 376 2484 425 sensu

481 442 674 497 interno,
709 440 823 489 sicut
863 443 949 490 hoc
980 444 1110 507 ‚apud
1136 443 1318 500 Mosen,
1357 448 1391 469 ‘⁶
1418 441 1625 502 Jehovah
1658 442 1784 487 Deus
1822 440 1968 487 noster
2000 442 2209 502 Jehovah
2250 460 2401 499 unus,
2438 446 2486 493 δε

480 505 650 553 amabis
674 508 900 569 Jehovam
924 511 1082 556 Deum
1105 523 1240 556 tuum
1265 525 1321 555 ex
1347 521 1446 555 toto
1469 507 1605 554 corde
1629 519 1726 563 tuo,
1762 508 1812 556 &
1836 522 1893 553 ex
1918 519 2012 554 tota
2033 509 2184 555 anima
2214 521 2306 567 tua,
2342 512 2392 558 &
2430 526 2485 559 ex

480 573 693 620 omnibus
717 575 889 623 viribus
914 578 1002 622 tuis
1024 598 1037 631 ·,
1075 578 1123 622 δε
1148 587 1279 621 erunt
1304 574 1438 621 verba
1462 574 1537 622 illa
1561 572 1691 638 super
1715 572 1851 621 corde
1885 575 2016 631 tuo,’'
2053 575 2207 622 Deut:
2234 591 2285 622 VI
2309 595 2319 624 :
2349 594 2393 640 5.
2423 579 2451 625 6
2471 600 2484 633 ;

478 651 643 703 praeter
665 640 824 688 fimilia
848 642 944 688 alia.

550 707 689 754 2226.
728 707 862 754 Vers:
897 713 967 757 18.
1025 709 1087 756 Et
1111 708 1335 755 Abraham
1360 706 1510 772 effendo
1534 709 1618 754 erit
1640 708 1686 753 in
1703 716 1869 769 gentem
1891 722 2087 769 magnam
2110 707 2167 756 &3
2190 710 2448 772 numerosam
2468 732 2482 765 ·,

479 771 535 820 &
572 771 860 821 benedicentur
898 777 943 822 in
982 772 1052 821 illo
1087 791 1220 822 omnes
1243 784 1391 836 gentes
1427 784 1567 821 terroe.
1641 772 1875 821 Abraham
1913 773 2092 831 effendo
2121 775 2205 821 erit
2228 775 2274 822 in
2298 788 2484 838 gentem

480 853 695 901 magnam
727 841 777 887 δε
800 841 1105 898 numerosam,
1141 840 1364 904 fignificat
1387 840 1515 903 quod.
1537 856 1563 886 a
1578 841 1788 888 Domino
1810 841 1896 886 erit
1921 855 2058 886 omne
2084 839 2256 888 bonum
2282 842 2332 889 &
2348 857 2485 895 omne

479 919 643 952 verum
667 906 802 953 inde:
839 909 889 955 &
912 907 1233 955 benedicentur
1256 909 1303 954 in
1325 906 1404 954 illo
1444 922 1602 953 omnes
1643 918 1800 970 gentes
1839 919 1988 963 terrae,
2022 906 2247 971 fignificat
2269 908 2396 972 quod
2427 909 2483 956 ab

476 970 579 1034 Ipso
601 987 777 1029 ornnes,
813 976 894 1037 qui
917 976 963 1022 in
984 974 1198 1022 charitate
1222 973 1340 1030 sunt,
1377 972 1676 1020 salvabuntur.
1973 991 1978 996 ·
2239 983 2247 990 '

546 1054 687 1104 2227.
726 1040 874 1104 Qod
899 1041 1135 1089 Abraham
1179 1040 1375 1089 dicendo
1420 1041 1506 1087 erit
1539 1040 1586 1086 in
1625 1052 1811 1103 gentem
1850 1054 2064 1104 magnam
2104 1038 2154 1086 &
2179 1039 2482 1100 numerosam,

476 1103 698 1167 significet
731 1107 858 1170 quod
892 1124 918 1155 a
940 1109 1150 1157 Domino
1187 1110 1272 1155 erit
1294 1123 1432 1155 omne
1457 1106 1650 1163 bonum,
1678 1108 1735 1155 ’δῑ
1760 1121 1897 1153 omne
1920 1122 2082 1153 verum
2108 1106 2230 1163 inde,
2265 1106 2437 1156 constat
2457 1125 2483 1157 a

476 1169 865 1234 repraesentatione
890 1174 1159 1232 Abrahami,
1195 1173 1320 1238 quod
1357 1173 1411 1220 s1t
1432 1173 1683 1230 Dominus,
1719 1172 1776 1220 de
1809 1189 1899 1236 qua
1935 1170 2097 1238 saepius
2129 1172 2294 1238 supra3
2331 1187 2434 1224 tum
2458 1192 2484 1230 a

474 1237 804 1301 significatione
828 1242 992 1303 gentis,
1027 1233 1157 1306 quod
1198 1242 1251 1289 sit
1291 1240 1486 1296 bonum,
1522 1239 1579 1286 de
1605 1255 1701 1302 qua
1730 1256 1791 1286 n:
1825 1257 1962 1304 1159.
1996 1243 2134 1302 1258.
2167 1256 2305 1304 1259.
2340 1242 2479 1295 1260„

483 1305 620 1363 1416.
654 1311 795 1372 1849,
831 1308 904 1355 hic
946 1311 1094 1372 gentis
1131 1324 1313 1372 magnae
1350 1307 1401 1354 δε
1441 1304 1710 1362 numerosae,
1751 1321 1859 1369 quae
1897 1305 2173 1368 significatur
2214 1305 2387 1355 bonum
2429 1309 2479 1358 &
2508 1342 2513 1345 -

474 1385 638 1418 verum
679 1374 818 1429 inde,
855 1375 984 1438 quod
1021 1391 1244 1439 magnum
1283 1374 1560 1440 praedicetur
1596 1372 1653 1420 de
1687 1371 1826 1430 bono,
1863 1371 1913 1419 ὅτ
1951 1371 2244 1420 numerosum
2269 1373 2326 1421 de
2349 1390 2478 1433 vero,

472 1452 529 1483 ex
568 1437 679 1486 locis
715 1439 809 1488 aliis
847 1441 893 1487 in
919 1441 1075 1490 Verbo
1107 1440 1307 1490 constare
1331 1439 1494 1505 potest,
1531 1438 1606 1487 sed
1645 1439 1720 1487 illa
1755 1454 1878 1488 nunc
1918 1438 2158 1496 adducere,
2195 1437 2247 1491 su
2326 1438 2478 1493 seden-

473 1502 617 1552 dum:
670 1506 846 1554 Verum
887 1508 1008 1565 inde,
1062 1507 1138 1558 seu
1178 1524 1342 1556 verum
1383 1523 1440 1554 ex
1482 1506 1622 1563 bono,
1665 1506 1713 1552 in
1758 1505 1884 1553 sensu
1929 1506 2146 1569 genuino,
2198 1522 2243 1554 e·
2303 1505 2478 1556 bonum

470 1568 696 1632 spirituale
716 1591 727 1621 ε
764 1572 865 1620 sunt
888 1574 983 1622 duo
1007 1573 1125 1622 bona
1150 1575 1266 1623 inter
1289 1574 1331 1622 se
1354 1572 1576 1630 distinata,
1613 1588 1779 1636 nempe
1802 1571 1978 1620 bonum
2002 1571 2203 1629 coeleste,
2227 1573 2278 1624 &
2302 1572 2477 1622 bonum

471 1634 731 1699 spirituale3
777 1638 953 1687 bonum
993 1640 1172 1689 coeleste
1212 1641 1277 1688 est
1315 1640 1482 1688 amoris
1522 1641 1569 1687 in
1605 1639 1884 1695 Dominum,
1937 1637 2113 1685 bonum
2151 1638 2374 1702 spirituale
2413 1641 2477 1690 est

471 1706 640 1752 amoris
673 1721 780 1768 erga
806 1708 1110 1771 proximum3
1146 1724 1204 1756 ex
1228 1707 1308 1755 illo
1341 1707 1465 1755 bono
1488 1705 1560 1754 seu
1576 1704 1756 1754 -coelesti
1778 1703 1842 1751 est
1865 1704 1952 1752 hoc
1977 1703 2051 1751 seu
2089 1703 2329 1768 spirituale,
2364 1723 2475 1755 nam

469 1785 608 1817 nemo
630 1786 778 1819 amare
802 1773 948 1836 potest
970 1775 1250 1830 Dominum,
1287 1773 1369 1821 nis1
1398 1775 1536 1820 etiarn
1570 1784 1690 1820 amet
1712 1773 1983 1835 proximum
2004 1793 2019 1826 ;
2054 1770 2102 1818 in
2126 1787 2280 1820 amore
2303 1773 2349 1820 in
2373 1773 2473 1822 Do·

468 1837 631 1884 ninum
662 1837 726 1884 est
758 1855 888 1886 amor
919 1856 1028 1903 erga
1060 1841 1365 1904 proximum·,
1401 1855 1506 1888 nam
1546 1854 1675 1886 amor
1712 1841 1760 1885 in
1782 1838 2045 1885 Dominum
2085 1837 2149 1885 est
2186 1854 2210 1884 a
2245 1838 2483 1900 Domino,¹

459 1902 529 1949 *ita
552 1902 607 1950 ab
630 1903 734 1967 Ipso
759 1908 935 1954 Amore
968 1923 1075 1970 erga
1106 1905 1364 1954 universum
1396 1921 1540 1970 genus
1563 1905 1819 1952 humanum
1839 1927 1854 1960 3
1889 1904 1936 1951 in
1958 1919 2114 1954 amore
2139 1905 2185 1951 in
2208 1904 2473 1955 Dominum

465 1968 566 2026 effe,
602 1969 665 2017 est
689 1971 813 2019 idem
837 1989 887 2021 ac
908 1974 992 2021 effe
1016 1975 1062 2020 in
1086 1966 1311 2030 Domino,
1347 1974 1396 2022 &
1420 1973 1502 2037 qui
1522 1973 1582 2020 >in
1603 1972 1829 2029 Domino,
1865 1987 1958 2019 non
1993 1969 2141 2034 potest
2178 1971 2306 2022 aliter
2328 1988 2471 2035 quam

464 2034 556 2105 effe,
572 2037 619 2083 in
643 2053 795 2085 amore
819 2039 979 2104 IpsmS,
1015 2042 1096 2104 qui
1134 2040 1199 2088 est
1237 2057 1345 2105 erga
1380 2055 1524 2104 genus
1556 2038 1828 2096 humanum,
1857 2038 1926 2085 ita
1946 2053 2053 2102 erga
2069 2039 2375 2106 ,proximum3
2411 2041 2475 2087 ita

463 2100 529 2148 est
559 2103 633 2151 ille
673 2106 720 2152 in
753 2117 948 2170 utroque
987 2107 1128 2164 bono,
1164 2124 1329 2172 nempe
1353 2108 1400 2155 in
1422 2105 1597 2154 coelesti
1619 2106 1669 2154 &
1690 2104 1924 2169 spirituali,
1958 2103 2074 2152 illud
2103 2103 2166 2152 est
2202 2104 2477 2173 ipsissimum

465 2166 658 2228 bonum,
693 2171 781 2219 hoc
821 2186 974 2222 autem
1012 2189 1173 2221 verum
1217 2172 1313 2238 ejus
1353 2174 1426 2221 seu
1465 2189 1628 2220 verum
1669 2173 1792 2229 inde,
1829 2171 1958 2235 quod
1991 2187 2154 2219 verum
2194 2170 2257 2219 est
2294 2170 2470 2222 bonum

464 2232 704 2298 spirituale,
741 2251 794 2286 ut
816 2239 1030 2298 distum3
1065 2240 1182 2290 illud
1222 2240 1287 2289 est
1324 2239 1455 2305 quod
1490 2238 1770 2304 significatur
1808 2253 1891 2303 per
1927 2254 2170 2303 magnum,
2204 2237 2294 2287 hoc
2317 2250 2469 2289 autem

464 2316 545 2363 per
568 2305 876 2360 numerosum.

535 2376 677 2419 2228.
716 2373 863 2437 Qod
901 2373 1230 2423 benedicentur
1260 2374 1306 2421 in
1341 2372 1420 2420 illo
1454 2387 1614 2420 omnes
1647 2381 1806 2435 gentes
1829 2382 1977 2427 terrae,
2014 2367 2242 2433 significet¹
2259 2370 2387 2434 quod
2410 2371 2468 2438 ab

463 2431 567 2496 Ipso
590 2452 766 2495 omnm,
802 2440 882 2502 qui
905 2441 950 2486 in
975 2439 1185 2487 charitate
1208 2439 1325 2496 sunt,
1362 2438 1666 2494 salvabuntur,
1703 2435 1876 2485 constat
1913 2453 1939 2483 a
1974 2435 2299 2498 fignificatione
2323 2437 2464 2484 Bene-

462 2499 571 2559 dici,
608 2504 737 2567 quod
776 2505 831 2552 s1t
870 2505 1027 2553 donari
1065 2506 1279 2554 omnibus
1316 2505 1462 2563 bonis,
1500 2520 1606 2568 quae
1643 2502 1747 2551 sunt
1784 2519 1810 2550 a
1847 2501 2022 2550 coelesti
2052 2501 2244 2569 origine,
2281 2502 2338 2550 de
2376 2519 2467 2567 qua

459 2580 522 2614 1²:
549 2573 660 2633 981.
691 2573 830 2636 1096.
864 2590 1002 2632 1420.
1034 2590 1188 2634 1422:
1225 2573 1305 2636 qui
1343 2572 1569 2620 donantur
1603 2570 1733 2617 bonis
1765 2585 1791 2616 a
1825 2567 1997 2616 coelesti
2032 2569 2224 2631 origine,
2257 2569 2345 2616 hoc
2383 2569 2463 2627 est,

432 2630 590 2682 'bonis
613 2637 871 2686 coelestibus
905 2640 955 2687 &
979 2639 1109 2686 bonis
1141 2638 1456 2702 spiritualibus,
1491 2637 1549 2684 de
1587 2635 1753 2700 quibus
1792 2651 1905 2683 mox
1943 2633 2091 2699 supra,
2129 2651 2184 2681 n:
2214 2651 2361 2700 2277,
2396 2636 2463 2684 illi

461 2714 646 2766 quoque
681 2705 907 2752 donantur
939 2705 1076 2752 salute
1109 2717 1290 2763 aeterna,
1326 2705 1414 2752 hoc
1443 2703 1525 2761 est,
1561 2701 1812 2751 salvantur:
1848 2718 1929 2766 per
1951 2717 2111 2749 omnes
2135 2714 2288 2764 gentes
2313 2714 2465 2759 terrae,

456 2763 778 2832 intelliguntur
802 2773 848 2819 in
873 2771 995 2819 sensu
1018 2773 1212 2830 interno,
1248 2772 1312 2819 illi
1353 2773 1435 2835 qui
1461 2773 1522 2829 ‚in
1561 2769 1691 2818 bonis
1730 2770 1896 2821 amoris
1936 2769 1988 2823 ὃς
2009 2767 2231 2819 charitatis
2254 2766 2373 2824 sunt,
2411 2780 2463 2815 ut
2542 2811 2545 2814 Α

461 2833 632 2883 constat
653 2853 679 2883 a
701 2838 1026 2901 significatione
1049 2840 1214 2902 gentis,
1250 2839 1379 2902 quod
1408 2832 1463 2886 fit
1486 2837 1680 2894 bonum,
1714 2853 1776 2884 n:
1810 2851 1949 2900 1159.
1979 2837 2125 2895 1258.·
2147 2850 2201 2882 12
2209 2848 2285 2897 59.
2319 2833 2458 2883 1260.

467 2901 605 2957 1416.
639 2907 760 2968 1849
782 2923 792 2952 ε
830 2905 958 2968 quod
983 2920 1064 2968 per
1087 2920 1246 2952 omnes
1270 2918 1424 2968 gentes
1448 2917 1596 2961 terrae,
1631 2919 1725 2951 non
1761 2901 2070 2964 fignificentur
2100 2914 2259 2946 omnes
2285 2900 2329 2946 in
2355 2902 2458 2949 uni-

459 2965 590 3015 verso
628 2980 849 3018 terrarum
889 2970 1015 3028 orbe,
1052 2971 1249 3019 constare
1280 2971 1428 3036 potest
1451 2971 1612 3026 cuiviS‚
1645 2969 1754 3031 quia
1788 2965 2007 3030 permulti
2045 2966 2162 3012 inter
2199 2964 2299 3014 illos
2339 2964 2458 3025 sunt,

458 3032 541 3092 qui
566 3049 658 3082 non
682 3035 918 3095 salvantur,
954 3037 1028 3085 sed
1051 3038 1195 3085 modo
1219 3038 1301 3095 illi,
1337 3039 1418 3101 qui
1441 3037 1488 3083 in
1511 3035 1720 3082 charitate
1744 3031 1861 3089 sunt,
1898 3031 1984 3079 hoc
2006 3029 2085 3088 est,
2121 3032 2201 3096 qui
2233 3031 2460 3082 charitatis

458 3099 603 3148 vitam
633 3103 784 3167 adepti
817 3103 932 3151 sunt.
1001 3103 1078 3151 Ne
1101 3120 1383 3167 quemquam
1406 3102 1553 3158 lateat,
1588 3099 1828 3164 quomodo
1852 3097 1893 3146 se
1925 3097 2060 3146 habet
2082 3114 2193 3146 cum
2217 3097 2457 3151 salvatione

456 3166 699 3217 hominum
740 3169 843 3234 post
879 3170 1121 3227 decessum,
1157 3172 1312 3233 paucis
1352 3169 1632 3223 dicendum·,
1668 3165 1770 3214 sunt
1809 3165 1959 3229 plures
1997 3165 2079 3229 qui
2117 3165 2293 3222 dicunt,
2327 3167 2457 3230 quod

454 3238 648 3287 salvetur
669 3236 812 3287 homo
833 3253 915 3302 per
936 3237 1096 3294 fidem,
1132 3247 1225 3294 aut,
1261 3247 1313 3284 ut
1336 3234 1479 3301 ajunt,
1514 3234 1547 3284 fi
1571 3233 1714 3284 modo
1745 3233 1887 3281 fidem
1909 3231 2083 3291 habeat,
2118 3230 2193 3280 sed
2215 3231 2456 3362 ἰηὲῗὶἓῖξέ
