2826 3736
650 239 1000 306 CAPUT
1067 237 1578 306 DECIMUM
1641 234 2093 304 SEXTUM.
2273 262 2376 325 *37

368 374 555 440 quisque
578 375 732 422 videre
755 374 918 439 potest,
955 392 1012 422 ex
1044 391 1099 422 eo
1123 375 1286 433 solum,
1321 374 1451 439 quod
1488 389 1625 422 nemo
1670 371 1778 420 scire
1817 373 1968 435 possit,
2003 372 2118 434 quid
2151 372 2206 420 fit
2227 374 2375 421 videre

361 442 455 505 pest
485 441 695 490 videntem
718 460 798 499 me,
835 443 916 489 nisi
940 458 999 489 ex
1026 441 1148 490 sensu
1168 446 1363 498 interno,
1398 443 1445 488 in
1467 457 1564 506 quo
1587 441 1723 488 etiam
1748 437 1851 486 talia
1880 437 1997 495 sunt,
2031 451 2085 485 ut
2105 439 2161 486 ad
2186 453 2373 503 captum

368 510 583 572 explicari
602 522 840 572 nequeant,
878 509 959 556 nisi
997 526 1078 572 per
1102 509 1222 556 ideas
1246 509 1396 572 quales
1418 507 1520 555 sunt
1545 507 1802 571 Angelicae,
1837 521 1944 569 quae
1987 521 2080 552 non
2121 505 2288 553 cadunt
2325 508 2373 553 in

368 591 522 632 voces,
560 575 706 623 solum
748 578 794 623 in
834 574 1008 622 sensum
1050 591 1240 633 vocum,
1278 577 1326 623 &
1348 575 1440 622 hoc
1473 575 1684 622 abstracte
1716 572 1772 620 ab
1812 572 1924 619 ideis
1961 572 2282 628 material-ibus,
2316 589 2374 619 ex

367 643 534 706 quibus
580 643 694 689 ideae
734 641 880 689 sen-sus
916 657 1122 696 vocum;
1169 642 1226 688 de
1267 642 1351 699 his,
1404 658 1510 704 quae
1549 653 1644 689 tam
1691 638 1881 688 obscura
1919 651 2135 702 apparent
2176 638 2372 696 homini,

368 708 535 756 habent
558 708 733 771 Angeli
760 720 856 755 tam
897 708 1033 755 claras
1069 708 1118 754 &
1150 707 1374 755 distineras
1398 708 1536 764 ideas,
1573 719 1644 755 tot
1667 705 2138 770 repraesentationibus·
2167 705 2372 770 locuple-

367 787 496 833 tatas,
534 788 585 822 ut
604 776 826 822 volumen
849 773 1127 831 scriberetur,
1163 774 1195 821 s1
1223 775 1366 822 modo
1390 774 1644 838 pauxillum
1670 773 1775 821 inde
1798 771 2132 820 describereturt

410 836 411 840 ¹
441 843 579 906 1956.
618 843 861 905 Propterea
882 842 1068 889 vocavit
1090 839 1284 898 fontem,
1320 841 1446 905 quod
1471 842 1694 905 fignificet
1725 839 1890 887 statum
1915 841 2009 886 veri
2043 840 2164 897 inde,
2202 836 2374 887 constat

365 907 424 956 ab
447 909 532 955 illis
555 925 661 972 quae
685 909 805 956 dicta
827 907 946 965 sunt,
982 921 1085 955 tum
1122 925 1148 956 a
1183 908 1509 972 fignificatione
1533 906 1688 964 fontis,
1724 906 1852 971 quod
1883 905 1937 953 fit
1968 922 2151 963 verum,
2190 906 2248 954 de
2281 922 2373 968 qua

365 974 497 1039 supra
530 992 590 1023 n:
617 991 772 1040 1927:
799 976 907 1038 quia
929 991 1091 1022 verum
1125 974 1214 1022 hoc
1243 974 1394 1022 visum
1424 972 1514 1020 fuit
1547 991 1639 1021 non
1675 976 1722 1021 in
1746 972 1993 1029 Rationali,
2030 968 2104 1020 sed
2138 971 2253 1020 infra
2274 973 2369 1020 Ra-

363 1041 550 1099 tionale,
571 1042 677 1106 fons
697 1044 745 1090 in
766 1041 923 1105 lingua
941 1041 1148 1104 originali
1172 1041 1256 1087 alia
1276 1048 1408 1096 voce,
1443 1055 1588 1103 quam
1611 1039 1742 1103 supra
1759 1041 1807 1087 ὅτ
1832 1041 2073 1087 communi
2096 1039 2252 1097 fontiS,
2290 1051 2368 1086 ex*a

338 1137 345 1141 ·
364 1110 593 1172 primitur.

440 1192 578 1242 1957.
615 1176 738 1223 Fons
761 1175 890 1222 Vivo
912 1172 1087 1221 videnti
1112 1189 1209 1231 me,
1238 1172 1368 1238 quod
1390 1170 1615 1237 signifi-cet
1631 1173 1808 1220 Verum
1832 1174 1894 1221 ita
1916 1173 2225 1239 perspicuum,
2261 1188 2372 1220 con-

363 1240 450 1290 stat
471 1257 658 1305 quoque
680 1241 736 1317 ab
759 1240 846 1288 illis
870 1256 976 1305 quae
1000 1241 1148 1317 dicta,
1172 1256 1338 1317 nempe
1371 1240 1500 1315 quod
1521 1241 1757 1288 Dominus
1778 1239 2009 1304 perspicue
2033 1241 2216 1298 viderit,
2254 1255 2379 1324 quo-=

365 1308 509 1356 modo
532 1307 574 1355 se
596 1307 754 1370 habuit
776 1323 886 1355 cum
902 1307 1028 1354 Vero
1044 1307 1293 1355 Rationalis
1317 1307 1469 1372 hujus,
1504 1306 1632 1371 quod
1656 1323 1749 1355 non
1779 1307 1883 1354 esset
1917 1307 2107 1354 bonum.
2176 1308 2370 1355 Intenor

336 1375 560 1423 .Domini
582 1375 769 1432 Homo,
804 1390 862 1422 ex
884 1389 979 1438 quo
1002 1374 1121 1421 vidit
1154 1374 1322 1423 dicitur
1337 1375 1489 1422 Vivus
1511 1374 1688 1432 videns,
1724 1375 1834 1438 quia
1864 1372 2133 1437 conjunctus
2164 1374 2368 1430 Interno,

364 1442 465 1506 Qi
489 1441 715 1502 Jehovah‚
765 1441 866 1506 Qui
905 1440 1036 1489 SoLus
1059 1441 1209 1498 Vivit,
1259 1441 1309 1489 &
1350 1440 1483 1490 Solus
1511 1441 1670 1500 Videt,
1720 1453 1772 1488 ut
1804 1439 2030 1489 ostensum
2071 1456 2187 1489 mox
2222 1439 2369 1505 supra,

362 1523 423 1556 n:
450 1523 589 1572 1954.

436 1579 576 1638 1958.
613 1575 736 1623 Ecce
756 1575 873 1623 inter
886 1573 1093 1623 Kadesch
1115 1574 1165 1623 &
1190 1574 1306 1622 inter
1321 1575 1484 1632 Bar-ed,
1509 1575 1637 1640 quod
1661 1574 1884 1639 significet
1905 1574 2195 1638 qualitatem,
2207 1588 2371 1637 nempe

362 1641 493 1707 quod
515 1641 682 1689 viderit
704 1642 835 1706 quale
860 1642 965 1690 effet
986 1642 1074 1690 hoc
1090 1643 1286 1700 Verum,
1322 1643 1385 1689 ita
1413 1643 1545 1706 quale
1575 1642 1681 1690 effet
1704 1641 1958 1698 Rationale,
1995 1640 2168 1689 constat
2190 1657 2247 1688 ex
2278 1640 2370 1705 fig-

356 1708 620 1757 nificatione
642 1708 848 1756 Kadesch
872 1711 921 1757 &
946 1709 1091 1757 Bared
1111 1732 1126 1766 3
1178 1709 1306 1774 quod
1330 1709 1534 1758 Kadesch
1567 1709 1789 1774 fignificet
1813 1709 2006 1766 Verum,
2041 1721 2145 1756 tum
2182 1720 2372 1756 conten-

341 1776 507 1823 -tiones
528 1776 748 1834 deVeris,
785 1775 1014 1824 ostensum
1049 1776 1114 1825 est
1152 1777 1294 1840 prius,
1331 1793 1391 1826 n:
1419 1777 1572 1842 1676·5
1612 1776 1753 1825 Bared
1787 1792 1940 1824 aurem
1979 1775 2106 1840 quod
2138 1773 2252 1823 infra
2287 1774 2370 1831 est,

362 1842 426 1890 ita
440 1842 617 1902 Verum
651 1842 969 1899 scientificum,
1005 1859 1063 1890 ex
1101 1859 1196 1906 quo
1231 1845 1368 1891 etiam
1400 1844 1651 1892 Rationale.
1724 1843 1871 1902 Quod
1895 1843 2102 1890 Nomina
2142 1843 2190 1889 in
2211 1842 2368 1889 Verbo

362 1907 617 1971 fignificent
639 1924 724 1965 res,
759 1908 983 1965 videatur,
1019 1925 1076 1956 n:
1103 1910 1242 1973 1876.
1275 1913 1413 1958 1888.
1447 1914 1602 1973 1889;
1642 1921 1743 1957 tum
1770 1927 1829 1958 n:
1858 1924 1992 1969 1224.
2027 1908 2164 1968 1264.
2427 1902 2435 1908 ’

434 1991 576 2040 1959.
612 1972 736 2034 Vers-
771 1991 842 2038 15.
879 1976 944 2024 Et
968 1975 1138 2038 peperit
1155 1978 1315 2038 Hagar
1329 1977 1519 2024 Abramo
1546 1976 1706 2034 filium,
1742 1976 1799 2025 ὅ
1822 1976 2002 2023 vocavit
2026 1975 2192 2023 Abram
2225 1990 2369 2023 nomen

349 2039 442 2101 filii
464 2043 556 2104 sui,
592 2057 708 2105 quem
723 2043 893 2104 peperit
916 2043 1091 2105 Hagar‚
1127 2042 1372 2106 Jischmael.
1444 2043 1625 2107 Peperit
1649 2043 1810 2105 Hagar
1835 2041 2042 2089 Abramo
2075 2041 2244 2098 filium,
2278 2041 2368 2104 fig-

361 2107 517 2155 nificat
538 2107 827 2158 Rationalem
852 2107 1088 2155 hominem
1124 2125 1182 2155 ex
1205 2107 1524 2173 conjunctione
1558 2110 1607 2157 &
1641 2110 1935 2173 conceptione
1974 2108 2052 2155 illa
2077 2121 2266 2155 natum:
2316 2109 2367 2155 ὅτ

324 2169 326 2171 ’
361 2175 548 2222 vocavit
570 2173 748 2222 Abram
790 2189 963 2222 nomen
997 2175 1080 2222 filii
1120 2174 1209 2232 sui,
1252 2191 1391 2239 quem
1425 2178 1600 2239 peperit
1624 2176 1803 2238 Hagar‚
1844 2173 2108 2235 Jischmael,
2144 2173 2368 2238 fignificat

395 2239 491 2288 uale
515 2239 624 2288 e'us.

360 2255 392 2304 q
435 2258 573 2372 1962.
610 2307 793 2371 Peperit
811 2307 974 2371 Hagar
997 2307 1208 2356 Abramo
1231 2307 1400 2366 filium,
1425 2309 1553 2373 quod
1579 2309 1800 2372 significet
1817 2309 2103 2356 Rationalem
2127 2307 2364 2356 hominem

360 2387 418 2421 ex
450 2373 747 2438 conceptione
769 2374 833 2422 δε.
844 2371 1163 2437 conjunctione
1186 2375 1260 2422 illa
1282 2389 1459 2433 natum,
1496 2376 1668 2424 constat
1699 2393 1722 2423 a
1744 2374 2129 2439 repraesentatione
2152 2377 2202 2422 δε
2227 2375 2367 2439 figni‹

359 2439 569 2488 ficatione
591 2440 808 2505 Hagaris,
844 2440 1058 2499 Abrami,
1093 2441 1143 2490 &
1179 2442 1280 2500 filii,
1316 2443 1444 2506 quod
1469 2444 1633 2507 Hagar
1671 2442 1898 2506 significet
1937 2445 2079 2490 vitam
2115 2441 2364 2490 affectionis

358 2504 644 2555 scientiarum
667 2508 921 2555 Exterioris
945 2507 1162 2567 hominis,
1197 2510 1374 2557 dictum
1408 2508 1471 2558 est
1503 2509 1632 2574 supra
1672 2527 1732 2557 n:
1761 2514 1898 2574 1895.
1933 2510 2092 2576 1896;
2139 2508 2267 2571 quod
2293 2510 2364 2556 A.-

332 2571 487 2621 abram
519 2574 755 2623 Internum
779 2575 1043 2623 Hominem
1066 2576 1279 2634 Domini,
1315 2593 1376 2624 n:
1411 2582 1550 2642 1893.
1595 2592 1752 2640 195o;
1787 2577 1835 2623 ὅτ
1870 2577 1997 2640 quod
2023 2575 2142 2623 filius
2166 2576 2371 2631 Verum,

359 2639 420 2686 ita
441 2654 623 2696 verum,
658 2641 787 2704 quod
823 2639 957 2705 hujus
980 2642 1230 2690 Rationalis
1253 2655 1362 2700 erat,
1404 2661 1434 2690 n
1455 2662 1465 2691 :
1489 2644 1598 2703 264.
1624 2648 1737 2704 489.
1761 2658 1874 2704 491.
1903 2660 2013 2706 533.
2046 2661 2063 2691 1
2079 2657 2168 2706 147
2192 2663 2206 2696 3
2255 2641 2361 2688 inde

357 2704 485 2768 quod
509 2706 684 2777 peperit
707 2707 871 2770 Hagar
894 2706 1121 2766 Abramo,
1157 2708 1379 2772 fignificat
1402 2709 1692 2757 Rationalem
1718 2708 1954 2756 hominem
1979 2724 2037 2755 ex
2062 2709 2360 2771 conceptione

355 2770 408 2818 ὅτ
431 2772 747 2835 conjunctione
773 2771 847 2819 illa
869 2785 1030 2827 natum
1053 2791 1064 2821 :
1106 2775 1154 2821 in
1187 2775 1308 2822 hunc
1351 2773 1525 2822 sensum
1565 2787 1770 2822 mutatur
1796 2773 1941 2822 sensus
1963 2775 2131 2832 literae„
2158 2790 2269 2822 cum
2301 2774 2359 2821 ad

356 2837 565 2902 Angelos
589 2840 812 2901 pervenit,
844 2837 916 2886 seu
947 2839 1071 2902 apud
1094 2840 1303 2903 Angelos
1325 2840 1411 2889 est,
1635 2875 1638 2877 -

302 2923 305 2924 ⁷
327 2934 331 2941 «
428 2906 571 2963 1961..
603 2905 668 2953 Et
690 2906 873 2953 vocavit
897 2906 1072 2953 Abram
1099 2922 1277 2955 nomen·
1293 2906 1376 2955 filii
1399 2906 1487 2965 sui,
1518 2924 1660 2972 quem
1683 2909 1856 2972 peperit
1881 2909 2071 2971 Hagar,
2096 2907 2354 2969 Jischmael,

354 2970 483 3035 quod
504 2970 726 3034 significet
754 2972 885 3036 quale
922 2970 1034 3032 eim,
1066 2972 1242 3021 constat
1280 2990 1336 3021 ex
1376 2974 1700 3038 fignificatione
1739 2977 1953 3032 nominis,
1986 2975 2112 3038 quod
2149 2974 2203 3022 fit
2236 2975 2356 3022 nosse

353 3036 504 3100 qualis
521 3037 600 3095 est,
636 3038 692 3085 de
715 3055 807 3103 qua
827 3055 890 3087 n:
917 3055 1023 3100 144.
1059 3058 1162 3100 ¹45·
1197 3056 1350 3104 1754·,
1384 3054 1485 3090 tum
1527 3057 1583 3088 ex
1620 3041 2008 3106 repraesentatione
2048 3043 2096 3089 δι
2133 3041 2367 3105 fignifica-·

354 3104 476 3150 tione
499 3102 719 3162 Ismaelis,
741 3104 963 3168 quodsit
994 3106 1230 3154 Rationale
1254 3123 1432 3165 verum,
1469 3108 1596 3172 quod
1631 3108 1895 3156 describitur
1931 3110 1977 3155 in
2002 3107 2121 3154 Vers
2133 3126 2143 3155 ε
2172 3125 2242 3154 ιι.
2278 3124 2350 3162 12,

354 3167 422 3216 his
462 3170 613 3217 verbis
663 3175 696 3198 “
722 3171 986 3235 Appellabis
1026 3189 1192 3221 nomen
1235 3174 1352 3222 illius
1383 3173 1640 3236 Jischmael,
1681 3177 1787 3239 quia
1826 3175 2000 3223 audivit
2039 3173 2244 3235 Jehovah
2285 3170 2350 3217 af-

353 3238 391 3286 .“
424 3234 668 3286 flictionem
692 3248 863 3287 tuam..
904 3238 969 3287 Et
993 3240 1031 3289 is
1052 3240 1139 3289 erit
1157 3255 1324 3306 onager
1339 3241 1517 3301 homo;¹
1546 3258 1706 3292 manus
1727 3240 1821 3306 ejus
1846 3245 2088 3294 inomnes,
2115 3241 2162 3285 &
2190 3253 2350 3311 manus

2081 3311 2112 3331 ‘⁴
2137 3319 2360 3351 omnium.
