2826 3736
524 243 555 292 ὅ
1024 222 2015 295 .G.EN.ESIS.

504 371 648 419 quem
673 356 1011 420 repraesentatur
1047 357 1096 403 δε
1122 353 1397 418 significatur
1418 353 1668 401 Rationalis
1701 354 1870 402 Homo
1893 353 2087 401 Domini
2113 351 2200 417 -qui
2240 351 2507 419 conJunEtus

503 423 690 470 ‘interno
722 422 888 485 ⁴Ipsius,
925 420 1012 468 hoc
1052 420 1130 477 est,
1167 421 1375 475 Divino·,
1434 422 1632 466 Centum
1671 419 1927 482 significant
1965 420 2089 467 idem
2118 421 2165 467 in
2187 420 2345 469 Verbo
2379 424 2508 485 quod

508 489 700 546 Decem,
737 491 843 551 quia
877 488 950 534 ille
975 503 1188 534 numerus
1219 485 1498 548 compositus
1522 485 1586 532 est
1607 501 1633 532 a
1655 485 1814 532 decem
1839 485 1887 532 in
1910 485 2069 532 decem
2092 485 2420 550 multiplicatiS,
2452 489 2506 537 δε

510 555 682 602 Decem
714 554 967 618 significant
991 552 1237 615 ReliquiaS,
1274 551 1402 614 quod
1432 554 1476 598 in
1509 552 1641 598 Parte
1665 551 1819 598 Prima
1857 549 2100 608 ostensum,
2134 567 2195 600 n:
2217 554 2345 616 576³
2391 554 2514 617 quid·

510 620 736 684 Reliquiae
761 620 881 683 apud
906 620 1156 675 hominem,
1193 617 1624 678 videatur.n:468.
1666 633 1776 681 530.
1813 618 1927 680 561.
1969 618 2078 666 660.
2128 633 2267 680 1050.
2309 619 2360 665 &
2391 619 2508 682 quid.

482 682 736 750 'Reliquiae
776 685 898 749 apud
928 686 1210 739 Dominum,
1249 699 1312 731 n:
1339 684 1490 746 1906:
1539 698 1695 730 arcana
1727 683 1825 731 haec
1865 700 1958 732 non
1990 683 2177 732 ulterius
2213 684 2394 748 possunt
2427 700 2505 732 ex-

504 755 636 818 poni,
674 751 744 799 sed
769 750 956 815 quisque
980 749 1247 798 concludere
1271 748 1432 812 potest,
1467 750 1583 796 dum
1606 749 1732 812 prius
1754 748 1836 796 fibi
1859 762 2023 797 notum
2055 747 2226 806 fecerit,
2265 750 2379 814 quid
2404 748 2507 799 sunt

507 819 773 881 ‘Reliquiae3
812 817 945 864 hodie
981 819 1102 864 enim
1128 816 1240 878 quid
1271 813 1389 871 sunt,
1427 816 1691 877 ignoratur:
1739 815 1882 863 modo
1916 815 2005 864 hoc
2044 814 2219 876 sciatur,
2259 816 2389 880 quod
2411 818 2506 865 Re-

508 885 666 947 liquiae
701 884 823 947 apud
847 885 1107 930 Dominum
1142 881 1394 945 significent
1416 883 1590 929 Divina
1627 880 1761 938 bona,
1802 897 1909 945 quae
1933 880 2031 944 Ipse
2070 880 2166 928 Sibi
2204 883 2389 946 propria
2421 894 2508 947 po-

510 952 647 997 tentia
670 950 966 1013 comparavit,
1003 964 1082 1012 per
1104 964 1211 1010 quae
1238 950 1505 995 Humanam
1529 947 1774 997 Effentiam
1799 948 1947 995 univit
1966 948 2153 994 Divinae
2172 967 2184 996 ε
2224 963 2280 995 ex
2303 948 2371 995 his
2394 965 2507 996 con-

507 1015 622 1064 stare
657 1016 817 1080 potest,
853 1015 967 1079 quid
1007 1014 1281 1079 significatur
1315 1030 1395 1078 per
1428 1015 1694 1077 Nonaginta
1731 1029 1919 1071 novem,
1963 1029 2071 1078 quae
2100 1014 2208 1077 quia
2240 1014 2524 1078 praecedunt·

511 1084 729 1139 Centum,
775 1082 1026 1145 significant
1067 1094 1248 1145 tempus
1286 1092 1527 1143 antequam
1561 1081 1792 1127 Dominus
1828 1079 1960 1144 plene
1999 1077 2236 1143 conjunxit
2268 1081 2506 1129 Internum

507 1149 770 1196 Hominem
808 1164 918 1196 cum
942 1147 1204 1202 Rationali;
1244 1162 1326 1210 per
1348 1144 1664 1208 Jischmaelem
1698 1144 2061 1210 repraesentatum
2095 1145 2160 1192 est
2182 1148 2386 1210 primum
2410 1149 2508 1196 Ra-

507 1215 675 1262 tionale
708 1214 831 1278 apud
857 1215 1130 1270 Dominum,
1166 1213 1295 1277 quod
1325 1212 1457 1276 quale
1480 1211 1584 1268 fuit,
1620 1211 1846 1260 ostensum
1877 1210 1977 1259 satis
2015 1211 2234 1276 superque
2273 1214 2320 1259 in
2347 1214 2505 1277 <sapite

513 1281 802 1328 Praecedente
836 1296 959 1335 xvv,
1007 1293 1052 1327 at
1084 1296 1164 1342 per
1202 1280 1376 1327 Isaeum
1418 1277 1758 1342 repraesentatur
1779 1277 2016 1325 Rationale
2039 1279 2232 1325 Domini
2253 1278 2502 1337 Divinum,

512 1358 565 1393 ut
601 1348 647 1393 in
688 1346 972 1410 sequentibus
1007 1345 1238 1393 constabit.
1310 1345 1457 1410 Qod
1482 1344 1659 1391 Abram
1695 1357 1791 1391 tam
1829 1344 2146 1391 diu-moratus
2184 1345 2232 1391 in
2267 1356 2383 1393 terra
2416 1347 2504 1394 Ca·

513 1428 668 1469 naane,
716 1429 837 1460 nunc
875 1429 938 1473 24
976 1413 1117 1469 annis,
1167 1430 1224 1462 10
1257 1412 1383 1460 annis
1416 1423 1658 1474 antequam
1691 1423 1822 1457 natus
1861 1407 2034 1467 Ismael,
2069 1410 2120 1457 &
2144 1409 2296 1473 postea
2345 1426 2397 1474 13
2423 1427 2502 1459 an-

510 1480 599 1535 nis,
637 1481 684 1526 &
722 1479 932 1526 nondum
952 1494 1012 1526 ex
1035 1478 1155 1526 Sarai
1180 1494 1320 1526 uxore
1353 1478 1509 1525 habuit
1538 1478 1704 1534 filium,
1741 1475 1816 1524 sed
1851 1476 1977 1540 quod
2010 1488 2120 1523 tunc
2159 1478 2365 1540 primum
2398 1493 2506 1542 pro-

508 1546 660 1591 -miffio
696 1543 811 1592 facita
845 1545 901 1591 de
941 1544 1037 1592 filio
1079 1561 1188 1591 cum
1229 1545 1474 1608 nonaginta
1506 1558 1673 1591 novem
1713 1559 1936 1591 annorum
1972 1542 2091 1598 esset,
2131 1541 2320 1606 quisque
2351 1544 2506 1592 videre

512 1610 659 1674 potest
696 1610 823 1675 quod
853 1626 1063 1658 arcanum
1099 1610 1332 1666 involvat·,
1380 1625 1594 1658 arcanum
1633 1620 1740 1666 erat,
1781 1609 1909 1673 quod
1944 1607 2275 1673 repraesentaret
2313 1624 2394 1672 per
2432 1610 2508 1658 illa

504 1677 730 1725 >unionem
757 1679 941 1725 Divinae
964 1677 1175 1724 Efl‘entiae
1198 1677 1391 1725 Domini
1415 1692 1523 1723 cum
1547 1675 1691 1740 Ipsius
1712 1677 1944 1732 Humana,
1979 1677 2028 1723 ὅτ
2052 1675 2241 1740 quidem
2262 1674 2405 1739 Ipsius
2428 1676 2504 1724 In-

513 1744 627 1789 terni
651 1744 891 1799 Hominis,
927 1745 1008 1807 qui
1031 1743 1253 1804 Jehovah,
1291 1759 1400 1791 cum
1425 1742 1566 1806 Ipfius
1591 1742 1835 1789 Rationali.
2530 1746 2534 1750 ’

590 1814 726 1872 1989.
765 1809 941 1856 Abram
966 1809 1096 1872 quod
1124 1809 1343 1873 significet
1365 1809 1625 1855 Dominum
1650 1809 1696 1854 in
1714 1807 1793 1855 illo
1811 1807 1923 1855 statu
1948 1808 1998 1855 &
2029 1808 2076 1854 in
2104 1806 2178 1854 illa
2205 1818 2355 1865 aetate,
2391 1820 2504 1856 con-

514 1874 595 1922 stat
619 1891 674 1922 ex
697 1874 799 1931 illis,
836 1891 942 1938 quae
977 1877 1101 1939 prius
1133 1876 1189 1922 de
1213 1874 1423 1922 Abramo
1458 1874 1579 1922 dicta
1613 1873 1742 1922 sunt:
1791 1874 1970 1921 Abram
2006 1874 2053 1920 in
2076 1871 2199 1920 sensu
2223 1870 2402 1922 interno*
2432 1891 2502 1923 re-

511 1940 748 2005 praesentat
769 1942 1047 1998 Dominum,
1089 1958 1193 1988 nam
1224 1941 1335 1988 alius
1358 1940 1555 1997 Abram,
1596 1956 1706 1988 curn
1729 1942 1991 1988 nominatur
2012 1941 2059 1987 in
2081 1938 2252 1996 Verbo,
2293 1940 2341 1987 in
2363 1941 2504 1989 Coelo

514 2023 606 2054 non
630 2007 924 2070 intelligitur:
965 2008 1079 2071 quid
1105 2007 1299 2064 Abram,
1346 2007 1531 2071 quidem
1570 2007 1635 2054 illi
1670 2008 1750 2070 qui
1773 2007 1890 2055 intra
1912 2005 2160 2054 Ecclesiam
2186 2006 2276 2053 nati
2298 2005 2417 2064 sunt,
2451 2008 2504 2055 δι’

512 2073 782 2120 audiverunt
805 2089 860 2120 ex
882 2074 1036 2121 Verbo
1060 2074 1116 2121 de
1141 2074 1220 2121 illo
1241 2090 1350 2122 cum
1373 2075 1563 2123 veniunt
1598 2075 1645 2120 in
1672 2073 1857 2120 alteram
1879 2073 2041 2129 vitam,
2076 2083 2261 2129 norunt,
2296 2071 2371 2120 sed
2394 2074 2504 2137 quia

511 2139 576 2187 est
600 2139 712 2187 ficut
734 2139 860 2197 alius,
897 2156 978 2187 nec
1002 2141 1247 2203 quicquam
1282 2141 1437 2187 auxilii
1459 2141 1521 2187 eis
1543 2138 1657 2187 ferre
1679 2139 1842 2204 potest,
1877 2155 1970 2186 non
1987 2138 2181 2202 amplius
2215 2150 2403 2195 curant;
2450 2140 2503 2188 &

512 2204 829 2262 informantur,
865 2206 991 2269 quod
1015 2222 1096 2268 per
1119 2205 1382 2253 Abramum
1419 2208 1466 2251 in
1482 2205 1640 2252 Verbo
1673 2205 1823 2252 nullus
1856 2205 1966 2252 alius
2005 2205 2253 2251 intellectus
2283 2204 2338 2252 fit
2360 2221 2502 2269 quam

511 2273 776 2327 Dominus·,
818 2273 990 2336 Angeli
1015 2287 1139 2328 vero,
1175 2273 1254 2334 qui
1291 2273 1338 2318 in
1376 2270 1631 2318 coelestibus
1665 2270 1776 2317 ideis
1799 2269 1916 2326 sunt,
1952 2271 2002 2317 ὅτ
2027 2286 2118 2316 non
2152 2270 2246 2317 illas
2270 2270 2423 2334 figunt
2453 2273 2503 2319 in

512 2338 664 2401 aliquo
704 2339 903 2394 homine,
945 2338 1123 2402 prorsus
1162 2339 1372 2400 ignorant
1396 2336 1673 2394 Abramum,
1714 2351 1850 2399 quare
1886 2336 2000 2382 dum
2040 2335 2207 2398 legitur
2239 2335 2294 2383 ab
2317 2336 2503 2384 homine

513 2404 737 2459 Verbum,
764 2406 813 2451 δε
838 2407 1096 2451 nominatur
1113 2405 1306 2460 Abram,
1332 2419 1423 2450 non
1447 2404 1605 2459 alium,
1629 2418 1771 2466 quam
1791 2402 2050 2449 Dominum
2075 2402 2348 2465 percipiunt,
2369 2403 2420 2450 &
2442 2402 2502 2450 ad

500 2469 612 2517 fhaec
636 2469 786 2521 verba,
826 2471 1085 2518 Dominum
1110 2472 1155 2517 in
1181 2471 1258 2517 illo
1281 2469 1395 2517 statu
1419 2470 1468 2517 &
1493 2471 1539 2516 in
1559 2469 1637 2516 illa
1658 2480 1808 2527 aetate,
1839 2484 1945 2516 nam
1978 2468 2051 2516 hic
2070 2467 2276 2530 Jehovah
2300 2468 2502 2533 loquitur

511 2552 619 2583 cum
647 2537 868 2593 Abramo,
910 2537 997 2584 hoc
1031 2536 1110 2593 est,
1151 2552 1260 2583 cum
1284 2536 1505 2584 Domino.

588 2617 723 2663 ¹990·
761 2605 989 2666 Apparuit
1014 2602 1218 2664 Jehovah
1244 2602 1467 2659 Abramo,
1506 2601 1633 2665 quod
1665 2601 1887 2666 significet
1928 2599 2348 2658 manifestationem,
2388 2595 2499 2649 conss

503 2669 593 2715 ‘stat
628 2668 788 2732 absque
824 2669 1136 2733 explicatione,
1173 2685 1298 2725 nam,
1334 2680 1387 2715 ut
1414 2668 1610 2725 dictum,
1645 2683 1725 2732 per
1749 2667 2011 2717 Abramum
2042 2667 2377 2731 repraesentatur
2401 2669 2500 2715 Do-

506 2736 676 2781 minuS.
746 2736 915 2782 Nullus
939 2736 1180 2783 hominum
1205 2737 1251 2782 in
1273 2734 1481 2783 universo
1503 2747 1721 2782 terrarum
1745 2734 1870 2791 orbe,
1901 2734 2018 2781 vidit
2041 2734 2282 2794 Jehovam,
2317 2734 2499 2780 Patrem

452 2833 457 2835 Δ
509 2801 719 2857 Domini,
756 2800 828 2847 sed
852 2803 1081 2849 Dominus
1106 2802 1239 2858 solus,
1276 2801 1388 2848 ficut
1411 2800 1508 2865 Ipse
1532 2801 1651 2848 dixit
1672 2801 1795 2864 apud
1818 2801 2090 2861 Johannem,
2117 2804 2151 2825 “
2174 2799 2329 2848 Deum
2361 2815 2499 2846 nemo

504 2872 547 2896 ·“
582 2868 699 2913 vidit
725 2883 942 2929 unquam,
985 2869 1264 2931 Unigenitus
1289 2867 1423 2923 filius,
1461 2869 1541 2930 qui
1562 2869 1608 2914 in
1632 2867 1728 2914 sinu
1751 2868 1912 2922 Patris,
1947 2865 2021 2912 ille
2051 2862 2303 2926 exposuit,''
2331 2881 2355 2918 ,ι
2380 2883 2392 2915 ;
2426 2870 2497 2913 18.

511 2933 631 2996 apud
657 2933 889 2989 Eundem,
939 2939 973 2961 ‘⁶
995 2935 1160 2996 Neque
1206 2949 1369 2981 vocem
1408 2934 1551 2997 Ipsius
1587 2932 1816 2979 audivistis
1851 2945 2071 2994 unquam,
2122 2945 2268 2992 neque
2307 2929 2500 2993 speciem

516 3006 550 3026 “
575 2998 716 3062 Ipfius
739 2999 962 3056 vidistis‚”
1008 3001 1085 3045 V:
1110 3018 1184 3063 37.
1221 3001 1271 3047 δε
1308 3001 1475 3047 iterum
1508 2998 1630 3062 apud
1664 2998 1895 3051 Eundem,
1954 3002 1988 3023 “
2012 2996 2124 3043 Non
2158 2996 2283 3059 quod
2314 2998 2500 3044 Patrem

513 3071 547 3092 “
584 3065 746 3113 viderit
769 3067 887 3128 quis,
923 3065 1003 3112 nifi
1024 3067 1102 3128 qui
1135 3066 1255 3128 apud
1281 3067 1478 3125 Patrem,
1514 3065 1587 3111 hic
1609 3063 1727 3109 vidit
1749 3063 1981 3119 Patrem‚’'
2015 3077 2102 3109 vr.
2119 3063 2199 3123 46.
2242 3060 2397 3126 Ipsum
2422 3063 2496 3109 In-

511 3132 713 3188 finitum,
751 3131 879 3194 quod
916 3131 1045 3195 supra
1083 3148 1241 3178 omnes
1266 3133 1441 3187 Coelos,
1489 3132 1538 3178 Sc
1584 3129 1713 3192 super
1746 3131 1907 3176 intima
1943 3129 2067 3192 apud
2105 3128 2357 3184 hominem,
2404 3145 2497 3176 non

506 3197 775 3254 manifestari
798 3198 959 3262 potest,
984 3198 1062 3246 nisi
1087 3213 1166 3263 per
1184 3199 1410 3246 Divinum
1425 3198 1722 3254 Humanum,
1737 3195 1865 3261 quod
1889 3194 2035 3244 solum
2060 3195 2183 3259 apud
2210 3195 2496 3251 Dominutm

2287 3275 2497 3309 commu-
