2826 3736
485 254 566 335 36
893 241 1965 313 -GENESIS.

488 382 736 446 loquelam,
771 397 910 445 quarn
932 380 1094 438 haurit,
1133 380 1205 428 sed
1229 378 1291 428 est
1315 381 1499 427 interior
1522 378 1736 436 Auditio,
1774 380 1915 426 Auris
1958 379 2100 428 modo
2129 379 2337 429 discernit
2359 380 2489 431 sonos

474 449 746 497 articulatos
782 449 855 494 seu
887 464 1040 505 voceS,
1076 449 1258 495 interior
1297 446 1468 493 auditio
1507 445 1586 499 est,
1622 461 1728 508 quae
1753 446 1885 507 capit,
1921 445 1970 492 &
2010 446 2113 494 dein
2155 449 2337 495 interior
2372 450 2491 498 visus

493 517 564 563 ,seu
590 517 900 578 intuitio-quae
923 516 1130 578 percipit,
1168 514 1273 560 inde
1312 528 1393 576 per
1430 511 1712 559 auditionem
1754 511 2045 575 apperceptio
2085 511 2228 560 sensus
2260 514 2494 577 loquelae:

493 582 693 630 similiter
718 581 758 627 se
783 581 912 627 habet
937 583 983 627 in
1009 579 1261 634 visualibus,
1299 579 1463 641 primae
1490 576 1620 634 ideae,
1658 593 1764 641 quae
1805 577 1862 624 ab
1895 575 2079 642 objectis
2099 579 2222 626 visus
2257 583 2491 644 excipiun-

494 662 585 706 tur,
623 646 722 695 sunt
763 646 1024 704 materiales,
1059 646 1171 693 ficut
1210 646 1345 691 etiam
1384 656 1621 702 vocantur,
1659 657 1704 692 at
1742 645 1925 692 interior
1965 644 2111 692 adhuc
2137 645 2257 693 visus
2295 646 2373 702 est,
2409 651 2492 711 qui
2540 679 2541 683 =

496 717 696 761 intuetur
720 713 809 770 illa,
846 715 895 760 ὃς
920 712 978 759 fic
1012 713 1213 775 cogitat,
1251 712 1313 757 ita
1351 709 1392 757 se
1428 711 1561 757 habet
1600 726 1710 760 cum
1734 710 1960 758 Rationali
1985 710 2182 759 hominis
2202 734 2217 767 3
2254 713 2493 762 Rationale

499 782 720 843 nusquam
747 778 890 843 potest
914 777 954 825 se
978 779 1157 834 intueri,
1196 778 1346 824 minus
1376 776 1607 840 explorare
1639 776 1770 840 quale
1802 776 1882 834 est,
1919 776 1993 824 sed
2025 779 2110 824 erit.
2132 780 2316 826 interius
2340 780 2490 844 quod-

500 838 622 902 dam,
657 846 783 909 quod
809 846 894 893 hoc
918 843 1056 900 facit·,
1093 859 1228 907 quare
1263 842 1378 889 dum
1413 842 1555 891 homo
1594 841 1682 889 hoc
1705 842 1851 906 potest
1882 841 2040 900 facere,
2077 860 2241 908 nempe
2266 849 2494 910 percipere

496 912 679 976 aliquod
706 911 863 958 falsum
888 913 931 958 in
958 911 1037 957 suo
1061 909 1303 966 Rationali,
1339 910 1389 956 δι’
1429 908 1613 972 aliquod
1650 924 1813 957 verum
1853 910 1981 972 quod
2011 909 2176 967 elucet,
2212 911 2263 958 δε
2287 917 2434 977 magis
2458 916 2493 962 fi

499 980 682 1042 aliquod
718 994 922 1042 pugnans
951 978 1000 1024 δε
1029 978 1231 1034 vincens,
1268 975 1375 1022 scire
1414 974 1577 1039 potest,
1613 975 1740 1039 quod
1780 974 1834 1022 fit
1873 991 1931 1022 ex
1969 977 2145 1023 influxu
2178 978 2374 1025 Domini
2411 997 2495 1043 per

497 1046 731 1092 Internum
761 1045 1024 1098 hominem,
1060 1044 1252 1091 Interior
1274 1043 1443 1090 Homo
1464 1043 1678 1098 Domini,
1713 1041 1769 1088 de
1793 1058 1887 1105 qno
1909 1040 2039 1106 supra
2067 1044 2209 1107 1926,
2245 1046 2295 1092 ὅτ
2317 1047 2399 1109 qui
2422 1047 2496 1094 hic

499 1112 779 1174 intelligitur,
816 1123 905 1157 erat
945 1110 1035 1167 ille,
1084 1111 1163 1173 qui
1201 1106 1468 1172 conjunCtus
1506 1106 1594 1168 fuit
1630 1109 1830 1164 Interno,
1867 1109 1947 1172 qui
1978 1107 2207 1169 Jehovah,
2251 1111 2313 1158 ita
2357 1112 2497 1177 longe

497 1177 626 1241 supra
650 1177 883 1224 Rationale
906 1176 1037 1233 illud,
1074 1192 1132 1223 ex
1154 1176 1232 1222 illo
1256 1188 1309 1222 ut
1331 1177 1378 1221 in
1402 1173 1574 1221 coelesti
1602 1174 1718 1231 luce,
1752 1173 1939 1222 videbat
1958 1176 2008 1222 &
2031 1176 2324 1239 percipiebat,
2359 1181 2493 1243 quate

499 1244 735 1291 Rationale
759 1241 986 1298 futurum,
1021 1243 1053 1289 fi
1078 1244 1124 1289 in
1155 1242 1249 1289 solo
1273 1242 1397 1288 Vero
1419 1240 1540 1296 effet,
1577 1251 1669 1287 non
1693 1241 1740 1287 in
1764 1241 1910 1288 Bono.

571 1327 708 1373 ¹954·
748 1312 825 1356 Tu
850 1311 976 1356 Deus
1014 1309 1174 1356 videns
1215 1324 1306 1365 me,
1348 1306 1476 1371 quod
1520 1306 1743 1369 significet
1782 1307 2028 1364 influxum,
2081 1307 2253 1357 constat
2295 1327 2352 1357 ex
2390 1311 2494 1370 illis,

497 1390 603 1439 quae
642 1393 763 1423 nunc
804 1376 922 1422 dieta
960 1375 1089 1423 sunt:
1127 1375 1309 1422 intuitio
1334 1391 1359 1420 a
1383 1373 1596 1437 superiori
1620 1373 1666 1419 in
1691 1370 1969 1430 inferiorem,
2005 1372 2080 1420 seu
2103 1377 2229 1438 quod
2261 1377 2401 1434 idem,
2439 1379 2496 1427 ab

496 1443 695 1489 interiori
736 1444 781 1488 in
823 1443 1106 1498 exteriorem,
1151 1440 1399 1505 appellatur
1437 1439 1658 1496 Influxus‚
1711 1454 1816 1487 nam
1858 1440 1911 1487 fit
1950 1455 2032 1503 per
2070 1442 2332 1499 influxum3
2384 1445 2497 1493 ficut

494 1508 629 1555 Visus
668 1510 850 1555 interior
886 1508 1007 1572 apud
1046 1508 1300 1564 hominem,
1337 1506 1418 1554 nifi
1441 1507 1477 1553 is
1502 1508 1714 1553 continue
1748 1507 1953 1555 influeret
1975 1507 2023 1553 in
2047 1506 2195 1555 visum
2231 1508 2325 1572 ejus
2349 1525 2495 1559 exter-

496 1591 608 1621 num
634 1574 706 1622 seu
731 1574 868 1632 oculi,
905 1573 1126 1637 nusquam
1149 1573 1221 1620 hic
1246 1589 1399 1637 capere
1422 1572 1564 1636 posset
1594 1574 1643 1620 δε
1668 1571 1913 1620 discerncre
1934 1572 2081 1620 ullum
2103 1572 2353 1638 objectum,
2389 1593 2491 1626 nam

495 1640 614 1688 visus
655 1642 844 1688 interior⁴
873 1639 954 1697 est,
1006 1642 1085 1703 qui
1126 1656 1206 1703 per
1250 1640 1436 1687 oculum
1479 1640 1600 1703 capit
1637 1638 1710 1686 illa
1749 1655 1855 1703 quae
1884 1639 2056 1687 >oculus
2093 1641 2236 1698 videt,
2274 1643 2494 1706 nusquam

496 1707 673 1764 oculus,
710 1707 883 1754 tametfi
905 1709 967 1754 ita
991 1718 1172 1770 apparet
1198 1726 1208 1755 ε
1246 1722 1302 1754 ex
1324 1708 1375 1753 iis
1400 1722 1585 1770 quoque
1609 1705 1809 1753 constare
1831 1705 1995 1770 potest,
2031 1719 2258 1770 quantum
2282 1710 2424 1758 homo
2448 1714 2495 1758 in

494 1772 677 1820 fallaciis
702 1772 907 1822 sensuum
931 1772 1010 1828 est,
1046 1775 1126 1836 qui
1151 1773 1293 1822 credit
1315 1773 1442 1836 quod
1464 1773 1624 1820 oculus
1647 1772 1816 1829 videat,
1853 1788 1961 1820 cum
1985 1785 2136 1821 tamen
2170 1774 2235 1821 est
2255 1775 2374 1824 visus
2400 1776 2495 1841 ejus

494 1838 689 1902 spiritus,
726 1841 805 1903 qui
829 1840 892 1886 est
914 1839 1034 1886 visus
1059 1841 1257 1895 interior,
1294 1842 1375 1902 qui
1400 1844 1480 1902 p'er
1503 1838 1691 1886 oculum
1716 1838 1874 1894 videt3
1912 1839 2123 1902 Spiritus,
2148 1842 2228 1904 qui
2253 1843 2375 1905 apud
2401 1861 2494 1903 me,

494 1917 590 1952 tam
632 1905 743 1952 bene
784 1906 996 1953 viderunt
1035 1922 1116 1970 per
1149 1905 1309 1953 oculos
1347 1921 1472 1953 meos
1512 1904 1587 1952 illa
1627 1920 1733 1968 quae
1774 1905 1820 1951 in
1861 1905 2059 1962 munde,
2095 1922 2144 1953 ac
2176 1922 2283 1970 ego,
2320 1909 2377 1957 de
2400 1926 2496 1974 quo

497 1987 558 2019 n:
593 1976 732 2028 1880,
769 1983 813 2018 at
852 1972 1036 2018 illorum
1077 1973 1285 2035 quidam,
1321 1972 1402 2035 qui
1443 1973 1490 2018 in
1530 1969 1714 2019 fallaciis
1754 1969 1961 2019 sensuum
2000 1971 2149 2020 adhuc
2185 1987 2326 2032 erant,
2361 1989 2496 2039 puta·

496 2049 603 2084 runt
634 2038 758 2100 quod
799 2054 880 2100 per
915 2038 1015 2085 suos
1056 2038 1214 2086 oculos
1250 2038 1478 2094 vidiffent,
1515 2036 1588 2084 sed
1619 2036 1844 2085 ostensum
1868 2037 1956 2085 illis
1986 2038 2115 2101 quod
2145 2054 2238 2087 non
2278 2041 2340 2088 ita
2372 2043 2494 2100 effet,

496 2102 653 2150 claufis
678 2104 801 2150 enirn
825 2104 968 2150 oculis
992 2105 1103 2151 nihil
1127 2106 1174 2152 in
1184 2105 1375 2152 ·mundo
1399 2104 1486 2152 hoc
1510 2104 1855 2168 atmosphaerico
1876 2104 2091 2152 viderunt
2111 2128 2125 2160 3
2161 2107 2222 2153 ita
2245 2123 2429 2171 quoque
2453 2109 2496 2158 se

494 2169 627 2216 habet
652 2185 760 2217 cum
791 2170 993 2227 homine,
1028 2169 1122 2232 ejus
1146 2170 1323 2233 spiritus
1345 2170 1408 2216 est
1431 2172 1511 2232 qui
1535 2171 1678 2226 videt,
1714 2187 1807 2218 non
1831 2171 2006 2228 oculus,
2043 2170 2118 2218 sed
2150 2188 2232 2236 per
2269 2175 2456 2222 oculum
2478 2197 2493 2231 3

492 2236 620 2283 idem
645 2236 779 2282 etiam
804 2235 1002 2283 constare
1016 2236 1173 2298 potest
1196 2251 1220 2282 a
1243 2234 1444 2290 somniis,
1481 2236 1528 2280 in
1552 2235 1718 2297 quibus
1741 2236 2018 2298 quandoque
2055 2237 2198 2284 homo
2221 2240 2349 2287 videt
2379 2241 2498 2289 ficut

494 2303 542 2349 in
566 2302 674 2356 die,
710 2301 782 2349 sed
822 2302 961 2366 usque
1002 2302 1203 2349 similiter
1245 2301 1284 2347 se
1324 2301 1455 2348 habet
1492 2316 1602 2347 cum
1634 2299 1731 2347 visu
1755 2301 1842 2347 hoc
1869 2302 2066 2348 interiori
2091 2302 2382 2368 seurspiritus,
2417 2306 2493 2355 hic

495 2384 588 2415 non
611 2367 742 2414 videt
760 2384 814 2414 ex
838 2368 895 2424 se,
933 2368 1007 2415 sed
1043 2384 1100 2414 ex
1130 2368 1278 2415 adhuc
1305 2368 1503 2414 interiori
1528 2365 1600 2413 seu
1625 2367 1874 2415 Rationalis
1897 2365 2008 2429 erS,
2044 2369 2141 2416 imo
2165 2386 2246 2417 nec
2270 2371 2344 2417 hic
2364 2373 2494 2420 videt

496 2450 521 2478 a
558 2433 615 2490 se,
652 2434 724 2480 sed
755 2434 817 2480 est
850 2435 996 2480 adhuc
1020 2435 1227 2490 Interior,
1263 2434 1342 2496 qui
1375 2433 1438 2480 est
1468 2434 1636 2480 Interni
1676 2433 1892 2488 hominis,
1928 2434 1985 2480 de
2008 2450 2102 2497 quo
2125 2439 2186 2483 n:
2220 2450 2380 2498 19403
2417 2437 2492 2486 sed

496 2499 634 2562 usque
671 2516 762 2546 non
798 2501 887 2556 hic,
925 2499 999 2547 sed
1039 2499 1101 2547 est
1125 2501 1357 2547 Dominus
1396 2516 1477 2562 per
1500 2499 1735 2546 Internum
1759 2500 2038 2557 Hominem,
2081 2502 2160 2563 qui
2193 2503 2324 2550 Solus
2363 2505 2493 2552 videt

495 2568 601 2628 quia
623 2566 756 2613 Solus
780 2568 913 2623 vivit,
949 2568 998 2614 &
1024 2567 1100 2613 dat
1125 2567 1298 2613 homini
1323 2577 1380 2625 ut
1397 2565 1565 2623 videat,
1602 2577 1744 2629 utque
1776 2567 1816 2613 ei
1850 2578 2057 2630 appareat
2080 2566 2193 2615 ficut
2216 2584 2274 2616 ex
2300 2568 2341 2617 ie
2364 2570 2493 2618 vide.-
2565 2610 2575 2615 ,

496 2645 563 2679 ret
583 2651 593 2679 :
632 2634 693 2679 ita
716 2632 757 2678 se
778 2632 910 2680 habet
930 2649 1038 2680 cum
1062 2633 1257 2681 Influxu.
2031 2666 2033 2668 -

569 2714 657 2763 ¹95
665 2717 706 2761 5.
746 2700 871 2762 Qia
892 2699 1024 2756 dixit,
1060 2715 1173 2746 num
1197 2700 1333 2746 etiam
1367 2698 1441 2746 hic
1466 2698 1562 2745 vidi
1584 2698 1685 2762 post
1710 2697 1944 2746 videntem
1981 2715 2073 2758 me,
2107 2699 2234 2763 quod
2270 2701 2493 2765 significet·

493 2765 720 2811 influxum
743 2767 795 2811 in
813 2765 1062 2817 Exterioris
1095 2766 1292 2812 hominis
1323 2766 1466 2812 vitam
1488 2763 1651 2825 absque
1668 2765 1896 2813 Rationali
1920 2766 2097 2822 medio,
2127 2765 2299 2813 constat
2321 2783 2378 2814 ex
2399 2767 2491 2831 fig,-

494 2831 747 2878 nificatione
771 2831 923 2878 videre
950 2831 1051 2894 post
1073 2832 1341 2886 videntem,
1378 2831 1481 2894 post
1517 2830 1751 2878 videntem
1789 2832 1944 2878 videre
1981 2831 2045 2878 est
2081 2846 2139 2877 ex
2169 2831 2376 2880 Interiori
2398 2832 2489 2894 ‚seu

493 2895 723 2959 superiori,
760 2897 885 2959 quod
916 2900 1035 2944 intra
1068 2897 1139 2944 seu
1155 2898 1292 2960 supra
1332 2899 1379 2944 in
1409 2896 1530 2944 sensu
1561 2899 1754 2955 interno,
1789 2897 2067 2959 exprimitur,
2079 2908 2163 2960 per
2178 2897 2270 2959 post
2293 2895 2340 2945 in'
2363 2898 2490 2948 sensu

490 2963 650 3018 literae,
686 2979 795 3011 curn
836 2962 950 3009 illud
990 2975 1178 3027 apparet
1210 2966 1257 3010 in
1296 2980 1351 3010 eo
1383 2964 1511 3027 quod
1539 2976 1667 3010 extra
1697 2963 1771 3010 vel
1802 2960 1917 3009 infra
1945 2961 2042 3017 est,
2078 2961 2142 3009 est
2165 2963 2342 3028 Hagar,
2379 2981 2487 3029 quae

491 3028 563 3076 laic
588 3029 805 3091 loquitur,
843 3045 923 3092 per
944 3046 1100 3092 quam,
1135 3041 1188 3076 ut
1226 3031 1350 3093 prius
1381 3029 1605 3077 ostensum
1642 3027 1721 3085 est,
1756 3028 2036 3092 significatur
2057 3029 2152 3075 vita
2182 3028 2491 3090 scientiarum,

490 3110 596 3158 quae
618 3094 683 3141 est
705 3096 955 3142 Exterioris
988 3095 1222 3151 hominis,
1255 3098 1361 3159 quia
1398 3111 1457 3142 ex
1498 3095 1571 3142 illa
1594 3095 1687 3142 vita
1711 3107 1865 3142 ortum
1902 3094 1966 3141 est
1989 3095 2226 3143 Rationale
2258 3098 2484 3159 primum,

489 3161 599 3208 ideo
618 3161 845 3208 Dominus
875 3160 1067 3218 caulam,
1105 3177 1185 3208 cur
1223 3163 1284 3209 ita
1319 3161 1509 3218 factum,
1545 3160 1730 3208 videbat
1768 3177 1825 3208 ex
1848 3161 2055 3208 Interiori
2093 3161 2178 3208 suo
2209 3161 2396 3211 homine
2437 3166 2491 3213 in

488 3227 734 3286 Exteriori,
768 3228 818 3276 ὅτ,
864 3227 953 3276 hoc
999 3227 1160 3293 absque
1199 3227 1425 3279 Rationali
1461 3227 1629 3278 medio.
1701 3226 1846 3296 Qod
1886 3228 1985 3276 haec'
2026 3228 2263 3278 involvant
2309 3245 2484 3344 arcani?

2365 3309 2428 3359 (Ψ
2463 3321 2492 3356 τ
