2788 3744
642 224 999 290 CAPUT
1057 224 1604 290 DECIMUM
1654 225 2103 291 NONUM.
2297 250 2384 314 29
2450 240 2451 243 ¹

363 359 399 382 “
436 370 564 405 meus
604 353 799 413 coelestis
834 351 967 402 faciet
1009 353 1158 413 vobiS,
1199 355 1231 404 si
1267 372 1362 405 non
1396 352 1650 403 remiseritis
1688 352 1769 402 suo
1802 351 1994 420 quisque
2015 353 2175 402 Fratri
2193 371 2252 404 ex
2270 372 2372 405 cor-

364 425 403 449 “
435 421 571 470 dibus
595 421 760 470 defleta
780 422 993 479 eorum‚''
1016 437 1183 472 xviii:
1211 440 1306 487 35:
1346 437 1404 470 ex
1435 420 1505 470 his
1534 420 1694 484 liquet,
1731 421 1861 485 quod
1883 435 2046 468 omnes
2075 419 2123 466 in
2159 423 2371 472 universo

362 487 572 536 dicantur
592 485 764 545 fratres,
799 488 881 552 qui
904 490 1160 551 proximus,
1202 494 1251 537 δε
1275 489 1365 537 hoc
1388 487 1511 544 inde,
1547 487 1655 551 quia
1673 486 1863 551 quisque
1883 501 2031 535 amare
2051 484 2188 534 debet
2210 491 2367 551 proxi·

362 569 497 602 mum
521 566 573 603 ut
595 554 806 620 seipsum,
848 555 909 602 ita
945 570 1005 602 ex
1042 571 1199 603 amore
1237 554 1311 603 seu
1352 554 1502 603 bono:
1546 555 1596 600 &
1619 555 1727 616 quia
1748 554 1982 602 Dominus
2008 551 2072 600 est
2099 551 2250 616 ipsum
2273 556 2370 604 130·

360 635 493 678 num,
532 621 580 669 δε
624 637 783 669 omnes
819 619 986 684 spectat
1024 637 1082 669 ex
1119 620 1259 678 bono,
1299 623 1351 669 δε
1387 620 1450 668 est
1487 619 1580 683 ipse
1600 620 1850 668 Proximus
1890 621 1937 667 in
1974 619 2186 683 supremo
2217 619 2360 680 sensu,

358 686 459 750 Ipse
494 703 681 751 quoque
713 686 815 734 illos
855 699 990 733 vocat
1028 685 1201 744 fratres,
1242 700 1295 735 ut
1329 687 1452 751 apud
1473 686 1748 748 johannem,
1791 691 1825 714 “
1849 687 1983 735 Dixit
2003 684 2134 747 jesus
2165 685 2225 734 ad
2250 688 2358 736 Ma·

360 757 396 780 “
430 754 561 810 riam,
603 752 677 800 abi
716 752 772 800 ad
797 754 975 801 Fratres
1001 754 1157 811 meos‚''
1191 769 1281 802 xx:
1314 769 1400 818 17:
1438 754 1487 800 &
1510 752 1636 817 apud
1657 751 1959 810 Matthaeum‚
2004 756 2039 779 “
2064 750 2363 816 Respondens

359 824 395 846 “
428 819 534 867 Rex
565 819 687 867 dicet
708 818 814 876 illis,
854 835 986 866 amen
1012 819 1117 868 dico
1139 819 1289 876 vobis,
1328 820 1374 867 in
1398 831 1623 884 quantum
1647 815 1811 868 fecistis
1829 819 1911 867 uni
1941 834 2001 867 ex
2034 817 2103 865 his
2125 820 2360 869 Fratribus

359 889 394 916 “
429 887 528 932 meis
561 886 782 942 minimiS,
825 884 950 933 Mihi
972 884 1188 944 fecistis?
1219 901 1346 934 xxv:
1372 903 1466 946 40:
1507 884 1618 933 Inde
1653 900 1774 934 nunc
1812 884 2003 944 constat,
2045 884 2174 949 quod
2203 885 2361 936 Frater

357 950 408 999 fit
433 967 527 999 vox
549 953 731 1000 amoris.

427 1018 569 1082 2361.
612 1018 734 1066 Vei-s
743 1037 754 1066 ε
785 1023 845 1068 8:
886 1020 995 1067 Ecce
1031 1018 1165 1082 quaeso
1204 1017 1312 1067 mihi
1348 1016 1442 1065 duae
1467 1015 1596 1078 filiae‚
1637 1033 1730 1082 quae
1767 1034 1848 1066 non
1885 1028 2168 1082 cognoverunt
2190 1021 2354 1077 viram,

354 1082 525 1131 educam
546 1086 678 1149 quaeso
701 1101 772 1133 eas
796 1084 857 1132 ad
874 1101 971 1140 vos,
1011 1084 1067 1133 ἐξ
1091 1084 1279 1146 faciatis
1313 1084 1371 1132 eis
1394 1083 1512 1144 ficut
1549 1085 1700 1134 bonum
1729 1085 1775 1132 in
1813 1084 1941 1132 oculis
1961 1085 2111 1145 vestris
2128 1107 2145 1141 ·‚
2186 1095 2356 1134 tantum

355 1152 467 1198 viris
485 1150 570 1198 illis
591 1167 642 1199 ne
651 1151 839 1212 faciatis
861 1152 1096 1214 quicquam,
1138 1152 1239 1215 quia
1266 1160 1497 1213 propterea
1531 1146 1741 1200 verterunt
1778 1152 1824 1198 i'n
1857 1151 2049 1199 umbram
2080 1152 2219 1199 trabis
2238 1167 2358 1204 meae,

355 1216 480 1264 Ecce
518 1216 675 1280 quaeso
715 1216 828 1263 mihi
868 1215 976 1263 duae
1015 1215 1124 1264 filiae
1163 1232 1271 1279 quae
1301 1232 1394 1264 non
1418 1228 1737 1281 cognoverunt
1759 1215 1932 1274 virum,
1973 1217 2198 1281 significat
2218 1217 2357 1266 affec·

355 1283 502 1329 tiones
527 1282 635 1330 boni
661 1284 710 1330 &
733 1284 863 1331 veri:
906 1282 1096 1329 educam
1137 1281 1294 1346 quaeso
1328 1298 1421 1330 easv
1442 1286 1497 1331 ad
1539 1299 1641 1341 vos,
1681 1283 1904 1346 significat
1942 1282 2266 1332 beatitudinem
2296 1300 2355 1332 ex

355 1348 475 1396 illis:
517 1350 567 1396 δε
593 1347 765 1396 faciatis
788 1350 850 1395 eis
874 1348 988 1395 sicut
1022 1347 1195 1396 bonum
1221 1351 1267 1396 in
1289 1349 1435 1396 oculis
1456 1349 1631 1407 vestris,
1671 1349 1895 1414 fignificat
1917 1346 2179 1398 fruitionem
2209 1367 2354 1415 quan-

354 1425 458 1461 tum
499 1416 780 1478 perciperent
818 1431 876 1462 ex
915 1414 1068 1462 bono:
1117 1428 1296 1462 tantum
1328 1416 1452 1462 Viris
1490 1415 1578 1463 illis
1618 1432 1674 1463 ne
1707 1415 1879 1464 faciatis
1907 1417 2179 1481 quicquam,
2216 1417 2357 1481 signi·

260 1487 265 1490 ’
355 1480 463 1528 sicat
501 1482 628 1543 quod
669 1498 762 1529 non
791 1482 1020 1528 Divinum
1044 1481 1325 1529 Humanum
1365 1485 1415 1529 &
1445 1482 1663 1530 Sanftum
1699 1482 1950 1547 procedens
1983 1483 2178 1531 Domini
2211 1484 2357 1533 viola.-

353 1559 484 1594 rent:
521 1549 629 1610 quia
666 1560 900 1610 propterea
935 1559 1156 1594 venerunt
1191 1549 1240 1594 in
1280 1546 1491 1594 umbram
1529 1548 1668 1595 trabis
1707 1564 1843 1604 meae,
1883 1548 2105 1612 significat
2139 1549 2270 1613 quod
2306 1550 2359 1598 in

355 1612 478 1660 bono
501 1613 724 1660 charitatis
747 1613 831 1660 sint
851 1635 865 1668 ;
909 1612 1071 1660 umbra
1092 1612 1245 1670 trabis,
1272 1612 1338 1661 est
1361 1613 1407 1660 in
1430 1611 1527 1677 ejus
1548 1616 1788 1662 communi
1810 1612 2017 1662 obscuro.

425 1680 566 1743 2362.
611 1680 735 1727 Ecce
761 1679 871 1726 mihi
894 1679 1000 1726 duae
1023 1679 1134 1726 filiae
1156 1696 1263 1743 quae
1293 1696 1385 1728 non
1415 1694 1733 1744 cognoverunt
1754 1682 1932 1737 virum,
1968 1679 2097 1744 quod
2134 1679 2360 1745 significet

354 1745 608 1793 affectiones
648 1745 758 1793 boni
798 1747 846 1792 ὅτ
877 1746 993 1803 veri,
1041 1745 1214 1793 constat
1250 1762 1276 1793 a
1309 1746 1635 1809 significatione
1675 1747 1894 1803 filiarum,
1928 1746 2058 1811 quod
2095 1746 2181 1795 sint
2217 1747 2352 1796 affec·

353 1813 518 1868 tiones,
557 1811 614 1858 de
642 1828 734 1874 qua
756 1828 817 1859 n:
843 1815 956 1875 489.
982 1828 1096 1876 490.
1120 1829 1237 1876 491,
1276 1812 1405 1874 quod
1444 1829 1537 1860 non
1576 1816 1881 1875 cognoverint
1916 1815 2088 1869 virum,
2129 1812 2354 1876 significat

347 1877 481 1940 'quod
521 1893 612 1923 non
651 1875 811 1924 falsum
850 1879 1222 1924 contaminaverit
1255 1877 1374 1934 illas,
1410 1879 1484 1925 vir
1521 1880 1646 1926 enim
1681 1877 1903 1941 significat
1935 1877 2148 1925 rationale
2168 1894 2350 1937 verum,

355 1956 456 1990 tuni
498 1958 683 2006 quoque
724 1943 769 1989 in
809 1942 1023 2006 opposito
1059 1941 1182 1990 sensu
1222 1941 1408 2002 falsum,
1444 1960 1506 1993 n:
1528 1945 1642 2006 265.
1668 1960 1778 2008 749.
1811 1960 1967 2008 1007:
2017 1943 2119 1992 sunt
2141 1943 2261 1992 binae
2284 1943 2352 1993 af·

355 2007 587 2065 sectiones,
630 2025 795 2073 nempe
819 2009 1000 2056 boni&
1026 2009 1136 2066 veri,
1174 2009 1378 2057 videatur
1419 2027 1480 2059 n:
1513 2028 1605 2076 199
1656 2032 1672 2067 ς
1711 2011 1790 2058 illa
1811 2010 1885 2058 seu
1908 2010 2086 2058 affefflo
2109 2010 2223 2058 boni-
2241 2027 2353 2060 con-

354 2074 496 2122 stituit
537 2075 783 2122 Ecclesiam
824 2074 1072 2132 coelestem,
1119 2075 1170 2122 &
1209 2089 1399 2124 vocatur
1437 2078 1485 2124 in
1516 2078 1610 2124 Vei·
1711 2077 1828 2124 Filia
1864 2077 2032 2134 Sionis,
2067 2090 2122 2124 ut
2160 2078 2209 2124 δε
2234 2078 2352 2127 Filia

354 2141 503 2205 Virgo
525 2141 705 2197 Sionis·‚
743 2142 844 2188 hfec
878 2154 1031 2190 autem
1070 2140 1147 2189 seu
1186 2141 1365 2190 affectio
1389 2144 1484 2190 veri
1516 2141 1749 2191 constituit
1771 2143 2020 2191 Ecclesiam
2054 2142 2358 2208 spiritualem,

352 2207 403 2254 ὅτ
443 2220 636 2254 vocatur
674 2209 719 2254 in
757 2207 913 2255 Verbo
949 2209 1066 2255 Filia
1103 2208 1445 2272 Hierosolymae
1466 2231 1482 2264 ·‚
1525 2221 1579 2256 ut
1607 2209 1730 2272 apud
1768 2208 1974 2266 Esaiam„
2009 2214 2042 2236 “
2068 2211 2250 2273 Sprevit
2286 2223 2358 2267 te,v

352 2278 388 2300 ‘⁸
423 2273 704 2321 subsannavit
741 2287 784 2322 te
817 2275 932 2324 Filia
955 2276 1087 2336 Virgo
1118 2275 1269 2330 Sionis,
1317 2274 1422 2339 post.
1456 2287 1501 2322 te
1535 2288 1674 2339 caput
1695 2276 1848 2324 movit
1866 2275 1985 2324 Filia
2006 2277 2349 2340 Hierosolymaess’

351 2354 554 2388 xxxvii:
582 2357 678 2389 22:
720 2358 750 2389 a
773 2341 907 2404 Reg:
945 2356 1062 2387 xix:
1100 2357 1193 2389 21:
1242 2341 1366 2405 apud
1404 2342 1663 2403 jeremiam.
1723 2346 1758 2370 ‘⁶
1794 2342 1927 2401 Quid
1973 2341 2219 2390 affimilabo
2266 2343 2355 2391 tibi.

353 2410 388 2432 “
422 2422 454 2453 o
490 2405 607 2454 Filia
647 2407 973 2470 Hierosolymae3
1020 2407 1133 2471 quid
1173 2407 1367 2471 aequabo
1409 2407 1510 2464 tibi,
1557 2408 1608 2456 ὅτ
1647 2406 1914 2457 consolabor
1951 2420 2014 2465 te‚·
2060 2410 2191 2472 Virgo
2230 2409 2348 2458 Filia

353 2475 388 2498 ⁸‘
421 2473 604 2529 Sionis,”
643 2473 828 2521 Thren:
858 2490 897 2519 ιι
922 2491 933 2521 :
967 2491 1055 2537 13:
1094 2472 1216 2537 apud
1242 2473 1472 2531 Micham,
1508 2479 1543 2501 “
1565 2474 1643 2521 Tu
1668 2490 1698 2522 o
1720 2476 1855 2522 turris
1878 2476 2048 2538 gregiS,
2084 2475 2201 2522 clive
2223 2475 2350 2523 Filiae

352 2541 388 2563 “
421 2538 572 2592 Sionis,
609 2537 749 2600 usque
788 2539 846 2585 ad
882 2550 928 2586 te
957 2540 1125 2596 veniet,
1163 2539 1214 2587 ὅτ
1237 2540 1387 2587 veniet
1409 2539 1673 2588 dominium
1693 2541 1834 2603 prius,
1874 2556 2068 2603 regnum
2092 2540 2218 2589 Filiae
2239 2542 2346 2590 Hie·

354 2605 389 2628 ⁸‘
423 2602 679 2663 rosolymae,''
705 2618 790 2650 iv:
819 2607 843 2651 8
867 2624 882 2656 ·‚
923 2604 1044 2665 apud
1069 2604 1368 2665 Zephariiam,
1409 2611 1444 2633 “
1468 2605 1627 2665 Jubila
1646 2606 1763 2652 Filia
1787 2608 1939 2661 Sionis,
1977 2606 2174 2667 clangite
2196 2605 2354 2664 Israel„

354 2671 387 2693 ⁸‘
424 2665 572 2712 laetare
601 2667 653 2713 &
683 2667 836 2713 exulta
868 2669 914 2712 in
954 2680 1053 2714 toto
1086 2668 1222 2714 corde
1244 2669 1364 2715 Filia
1389 2670 1730 2730 Hierosolymae,’'
1777 2686 1842 2716 iii
1864 2688 1878 2717 ι
1910 2687 1996 2729 14:
2036 2670 2162 2733 apud
2183 2671 2348 2719 Sacha-

353 2733 483 2787 riam‚
527 2736 563 2758 ‘⁶
585 2731 756 2779 Exulta
792 2730 924 2778 valde
957 2732 1070 2779 Filia
1093 2733 1242 2787 Sionis,
1284 2733 1441 2795 clange
1463 2733 1580 2780 Filia
1604 2733 1920 2796 Hierofhlymae,.
1961 2749 2065 2782 ecce
2100 2736 2202 2783 Rex
2240 2748 2356 2787 tuus1

353 2803 388 2824 “
424 2798 575 2844 veniet
607 2798 745 2854 tibi‚”.
781 2813 863 2844 ix:
896 2814 967 2859 19.
1006 2795 1192 2844 Matth:
1221 2811 1335 2845 xxi:
1365 2814 1408 2860 5.
1451 2797 1708 2858 J0h1xii:
1742 2816 1831 2862 15:
1869 2799 1995 2862 quod
2018 2800 2217 2850 Ecclesia
2247 2819 2343 2852 coe·

353 2862 486 2920 lestis,
534 2862 611 2912 seu
642 2865 861 2926 Regnum
902 2862 1082 2909 coeleste
1116 2863 1329 2919 Domini,
1377 2878 1434 2909 ex
1464 2861 1696 2910 affectione
1717 2863 1842 2922 boni,
1883 2864 1971 2913 hoc
1990 2865 2073 2924 est,
2113 2883 2169 2915 ex
2191 2885 2346 2920 amore

353 2930 399 2975 in
436 2929 591 2993 Ipsum
632 2931 911 2985 Dominum,
965 2929 1143 2975 dicatur
1182 2927 1298 2975 Filia
1335 2928 1499 2983 Sionis,
1542 2929 1749 2977 videatur
1793 2931 1965 2988 adhuc,
2006 2931 2135 2983 Esai:
2162 2950 2350 3000 21:322·

354 2995 481 3057 Cap:
506 3011 627 3042 xvi:
659 3013 679 3043 1
704 3013 720 3043 :¹
767 2996 894 3059 Cap:
921 3010 1031 3042 mi:
1061 3012 1118 3043 2:
1165 2994 1296 3056 Cap:
1325 3010 1427 3040 ini
1450 3012 1465 3041 2
1492 3010 1576 3042 ιιι
1634 2995 1744 3055 Jer:
1776 3012 1856 3045 iv:
1886 3015 1977 3060 31:
2026 2998 2156 3062 Cap:
2182 3017 2267 3050 vi:
2298 3019 2347 3052 2..

354 3075 445 3122 23:
487 3060 757 3108 Threnri:
794 3062 858 3108 6:
900 3061 1030 3124 Cap:
1059 3077 1134 3107 ιιι
1168 3078 1276 3118 1.4.
1317 3065 1357 3107 8.
1392 3077 1462 3107 ιο.
1513 3059 1894 3113 Mich:1v:10.
1928 3081 1999 3127 13·
2052 3065 2240 3114 Sachar:
2270 3082 2341 3115 11:

359 3142 430 3183 ¹4·
468 3125 644 3172 Psalm:
675 3140 752 3172 ix:
788 3142 842 3187 15
865 3145 875 3174 :
924 3127 974 3173 δε
996 3126 1121 3189 quod
1144 3125 1344 3173 Ecclesia
1366 3125 1618 3188 spiritualis,
1660 3125 1734 3174 seu
1758 3128 1974 3192 Regnum
1999 3128 2220 3193 spirituale
2244 3133 2336 3179 Do·

354 3190 487 3247 mini,
526 3205 582 3236 ex
619 3190 854 3239 affectione
888 3194 1007 3249 veri²
1037 3193 1088 3240 ὅτ
1122 3191 1180 3239 sic
1220 3207 1278 3238 ex
1316 3191 1526 3239 charitate
1562 3207 1674 3255 erga
1707 3197 1991 3257 proximum,
2037 3196 2212 3243 dicatur
2233 3198 2354 3244 Filia

2227 3262 2348 3309 Hie-
