2788 3744
555 273 928 344 CAPUT
993 270 1691 339 V1GE31MUM
1747 271 2205 337 PRIMUM.
2307 293 2388 360 ις

370 413 407 440 “
440 406 568 466 tici,''
591 407 729 456 Luc:
755 421 866 453 xvn
889 424 900 454 :
929 421 973 469 5.
994 404 1042 462 6,
1065 420 1091 470 7
1114 422 1124 453 :
1161 404 1225 452 ita
1247 418 1433 468 quoque
1458 401 1582 461 alibi,
1618 401 1698 451 ubi
1723 414 1910 451 centum
1928 406 2223 466 nominatur;
2260 409 2382 459 fimi·

365 475 466 524 liter
488 475 530 523 se
552 474 687 522 habet
707 490 816 522 cum
842 473 985 529 mille,
1022 472 1080 519 de
1102 487 1198 535 quo
1221 485 1415 518 numero
1437 470 1645 518 videatur
1667 487 1726 520 n:
1755 486 1900 535 2575.
2266 481 2268 484 ·

433 543 575 608 2637.
614 543 741 589 Cum
785 538 1033 588 nasceretur
1071 538 1135 586 illi
1158 536 1346 600 Jischak
1383 536 1505 585 filius
1550 535 1664 603 ejus,
1707 537 1836 601 quod
1876 537 2101 602 significet
2140 555 2250 587 cum
2281 543 2379 591 Ra.

361 610 528 657 tionale
550 610 748 658 Domini
779 608 1008 655 Divinum
1048 603 1257 666 factum,
1291 603 1465 652 constat
1504 620 1561 652 ex
1600 604 1925 668 significatione
1969 604 2103 663 nasci,
2153 608 2282 670 quod
2325 609 2384 658 sit

358 676 560 733 existere,
598 676 655 723 de
677 691 768 739 qua
791 691 852 720 n:
882 678 1025 737 2584.
1055 672 1386 736 2621..2629;
1423 672 1472 720 δε
1496 687 1553 719 ex
1583 670 1971 735 repraesentatione
1993 670 2213 733 jischaki‚
2248 676 2379 738 quod

359 742 413 790 fit
436 744 666 790 Divinum
690 741 943 798 Rationale,
980 740 1037 786 de
1061 756 1152 804 qua
1174 756 1235 787 n:
1264 741 1429 802 26303
1464 739 1553 787 hoc
1589 737 1705 786 nasci
1745 738 1916 786 dicitur
1941 738 2226 798 Abrahamo,
2263 757 2377 790 cum

359 809 589 856 Divinum
615 806 805 864 faetum,
841 819 892 855 ut
915 822 1100 872 quoque
1134 805 1266 871 supra
1287 804 1429 855 Vers:
1458 823 1505 870 3,
1543 811 1578 833 “
1601 806 1786 854 vocavit
1808 804 2046 855 Abraham
2082 822 2251 855 nomen
2289 807 2379 857 filii

358 873 421 923 sui
447 875 688 936 natistbi,”
725 875 932 922 videatur
956 891 1017 921 n:
1047 874 1189 923 2628.
1798 921 1801 923 ,

430 942 572 1005 2638.
609 942 753 991 Vers:
782 943 825 988 6.
858 957 899 1006 7.
957 942 1020 987 Et
1059 940 1172 988 dixit
1204 940 1360 997 Sarah,
1408 941 1538 1003 risum
1562 938 1677 1002 fecit
1713 939 1820 987 mihi
1847 939 1980 997 Deus,
2029 942 2162 990 omnis
2199 941 2375 992 audiens

356 1007 514 1057 ridebit
554 1009 673 1056 mihi.
745 1011 810 1057 Et
847 1009 976 1065 dixit,
1027 1010 1120 1072 quis
1162 1005 1345 1071 dixiffet,
1380 1007 1648 1062 Abrahanm,
1697 1006 1877 1054 lambit
1911 1005 2031 1067 filios
2060 1009 2219 1066 Sarah,
2270 1013 2372 1074 quia

345 1078 495 1139 peperi
520 1075 665 1136 filium
694 1077 904 1140 fineHuti
937 1075 1065 1122 illius.
1139 1074 1270 1120 Dixit
1293 1072 1444 1130 Sarah,
1483 1073 1707 1138 fignificat
1745 1075 2086 1139 perceptionem
2114 1091 2173 1122 ex
2197 1077 2377 1127 Divino

354 1142 602 1207 spirituali:
638 1140 774 1190 risum
818 1142 923 1189 fecit
965 1141 1079 1188 mihi
1105 1141 1247 1198 Deus,
1283 1139 1503 1205 fignificat
1525 1139 1811 1189 affectionem
1836 1142 1932 1189 veri
1955 1141 2178 1190 coelestis:
2214 1147 2373 1192 omnis

352 1209 541 1257 audiens
581 1210 746 1256 ridebit
785 1209 912 1266 mihi,
962 1207 1187 1271 fignificat
1223 1207 1352 1273 quod
1392 1209 1550 1256 omnia
1594 1207 1657 1255 ibi
1698 1207 1987 1256 affectionem
2026 1208 2258 1259 habitura:
2311 1212 2366 1259 δε

352 1276 490 1333 dixit,
528 1276 751 1341 fignificat
785 1277 1143 1339 cogitationem:
1192 1275 1296 1339 quis
1333 1274 1509 1322 dixiffet
1532 1273 1801 1322 Abrahamo
1839 1274 2020 1324 laelabit
2059 1275 2175 1324 filios
2210 1276 2367 1337 Sarah,

351 1342 577 1407 fignificat
632 1346 758 1408 quod
810 1345 1038 1390 Dominus
1092 1343 1275 1406 propria
1329 1341 1530 1405 potentia
1578 1341 1916 1405 implantaverit
1955 1343 2235 1391 Humanum
2280 1345 2366 1392 Di-

352 1413 489 1459 vino:
527 1412 635 1473 quia
655 1413 809 1474 peperi
835 1409 984 1456 filium
1008 1407 1220 1456 senectuti
1251 1406 1365 1473 ejus,
1400 1407 1624 1474 fignificat
1661 1408 1788 1473 quod
1828 1408 1916 1458 hoc
1956 1409 2084 1457 fieret
2122 1426 2231 1458 cum
2272 1411 2370 1460 dies

352 1492 458 1525 com
497 1479 575 1524 leti
598 1476 749 1525 effent.

421 1493 565 1609 2339·
625 1546 753 1591 lJixit
794 1542 946 1601 Sarah,
998 1542 1125 1607 quod
1174 1542 1395 1606 significet
1437 1542 1779 1606 perceptionem
1822 1557 1881 1590 ex
1919 1543 2095 1590 Divino
2131 1541 2370 1608 spirituali,

351 1609 524 1658 constat
547 1626 573 1656 a
593 1610 918 1674 significatione
941 1609 1106 1666 dicere,
1143 1609 1270 1673 quod
1305 1608 1359 1655 sit
1397 1609 1648 1672 percipere,
1684 1608 1741 1655 de
1779 1623 1872 1673 qua
1909 1607 2106 1673 saepius,
2143 1613 2193 1659 δε
2218 1628 2272 1659 ex
2297 1628 2370 1660 re·

244 1729 250 1734 ,
349 1675 691 1740 praesentatione
712 1678 852 1735 Sarae,
897 1675 1025 1740 quod
1065 1675 1119 1723 sit
1162 1676 1388 1724 Divinum
1427 1673 1670 1740 spirituale,
1705 1673 1780 1723 seu
1821 1675 2050 1723 Divinum
2093 1693 2270 1737 verum,
2307 1680 2367 1728 de

349 1744 772 1869 quazgassofffiizsum
805 1808 914 1856 fecit
946 1809 1060 1856 mihi
1085 1809 1232 1865 DeuS,
1266 1808 1394 1871 quod
1434 1806 1655 1872 significet
1694 1807 1978 1856 affectionem
2017 1811 2113 1857 veri
2149 1810 2363 1870 coelestis,

350 1874 529 1923 constat
552 1891 576 1922 a
598 1874 922 1939 significatione
945 1874 1096 1931 Risus,
1132 1873 1261 1938 quod
1299 1875 1353 1921 fit
1390 1871 1569 1922 affectio
1591 1875 1706 1933 veri,
1741 1875 1800 1923 de
1821 1891 1914 1940 qua
1936 1892 1997 1923 n:
2026 1893 2168 1943 2072.
2199 1880 2327 1928 2216
2347 1901 2364 1936 ς

352 1941 404 1990 δε
427 1957 484 1990 ex
508 1939 650 1990 facere
671 1946 816 1999 heus,
852 1942 979 2005 quod
1003 1941 1058 1989 sit
1081 1940 1262 1989 coeleste
1282 1955 1340 1989 ex
1360 1957 1469 2006 quo.

423 2010 566 2069 2641.
605 2009 752 2073 Qod
781 2010 931 2056 omnis
970 2009 1156 2057 audiens
1194 2007 1359 2056 ridebit
1399 2008 1530 2066 mihi,
1583 2007 1807 2073 significet
1838 2009 1965 2074 quod
2006 2011 2162 2060 omnia
2200 2011 2264 2059 ibi
2299 2010 2367 2060 as-

353 2073 598 2124 fefflonem
642 2076 846 2124 habitura
864 2112 879 2134 ,
929 2074 1102 2124 constat
1141 2091 1198 2124 ex
1237 2075 1562 2140 significatione
1605 2076 1762 2124 audire
1799 2077 1849 2124 &
1891 2076 2071 2135 ridere,
2120 2079 2275 2127 audire
2315 2081 2363 2129 in

351 2142 511 2191 Verbo
547 2142 822 2207 praedicatur
853 2143 910 2191 de
950 2143 1037 2190 illis
1109 2158 1183 2191 uae
1223 2141 1324 2190 sunt
1362 2141 1632 2201 affectionis,
1664 2143 1819 2191 videre
1853 2157 2005 2191 autem
2040 2146 2097 2193 de
2131 2147 2217 2194 illis
2256 2162 2367 2211 quae

351 2207 454 2257 sunt
485 2211 792 2274 cogitationis,
827 2209 952 2274 quod
995 2158 1196 2258 conciliare
1235 2209 1385 2275 potest
1422 2225 1479 2257 ex
1518 2210 1806 2275 perpluribus
1836 2210 1948 2259 locis
1978 2213 2025 2260 in
2049 2212 2221 2271 Verbo,
2258 2226 2364 2262 tum

349 2292 536 2342 quoque
555 2293 581 2323 a
602 2277 1025 2340 correspondentiis,
1060 2276 1266 2325 videatur
1301 2294 1360 2326 n:
1388 2293 1553 2341 2542;
1589 2277 1662 2325 hic
1698 2279 1806 2342 quia
1841 2278 1992 2342 agitur
2031 2279 2088 2327 de
2126 2281 2369 2330 affectione

350 2345 446 2390 veri
471 2342 681 2401 coelestis,
717 2345 887 2392 dicitur
909 2345 1059 2392 omnis
1083 2344 1283 2401 audiens,
1319 2345 1414 2408 ‘quo
1438 2343 1749 2408 significantur
1771 2347 1926 2393 omnia
1948 2361 2055 2410 quae
2080 2346 2329 2395 affectionis
2345 2367 2364 2397 t

349 2410 478 2475 quod
515 2411 658 2458 ridere
699 2411 753 2458 sit
789 2411 905 2458 affici
944 2427 1070 2469 vero,
1107 2410 1181 2459 seu
1221 2410 1507 2460 affectionem
1539 2413 1635 2459 veri
1673 2411 1851 2470 habere,
1887 2412 2095 2461 videatur
2126 2430 2187 2464 n:
2215 2431 2365 2481 2072.

353 2478 665 2538 2216.2640.

418 2544 561 2601 2642.
599 2543 664 2590 Et
687 2543 820 2600 dixit,
854 2544 984 2607 quod
1021 2544 1247 2609 significet
1285 2546 1633 2610 cogitationem,
1668 2544 1845 2594 constat
1863 2562 1921 2594 ex
1942 2546 2268 2609 significatione
2290 2549 2363 2602 di·

348 2624 465 2722 cerefi,
501 2608 628 2673 quod
648 2608 703 2656 fit
726 2610 970 2673 percipere,
1004 2622 1107 2657 tum
1131 2625 1318 2674 quoque
1340 2613 1562 2674 cogitare,
1597 2612 1654 2658 de
1676 2627 1768 2675 qua
1788 2611 1969 2675 saepiuS,
2003 2614 2212 2661 videatur
2230 2615 2366 2682 2619

349 2675 406 2727 ad
466 2691 512 2723 11.

421 2753 563 2806 2043.
600 2742 719 2805 Qis
742 2739 920 2789 dixiss‘et
943 2741 1211 2789 Abrahamo
1246 2740 1428 2789 lactabit
1466 2741 1584 2789 filios
1608 2741 1761 2799 Sat-ah,
1795 2744 1924 2806 quod
1965 2742 2188 2808 significet
2226 2746 2362 2811 quod

349 2809 582 2858 Dominus
621 2809 806 2874 propria
907 2810 1044 2857 tentia
1079 2808 1415 2872 implantaverit
1447 2809 1726 2856 Humanum
1751 2809 1944 2866 Divino,
1979 2811 2153 2860 constat
2191 2827 2247 2861 ex
2287 2831 2361 2862 re·

349 2876 688 2941 praesentatione
713 2874 817 2925 Abr
899 2876 981 2932 mi,
1016 2887 1118 2923 tum
1142 2876 1281 2932 Sarae,
1317 2875 1368 2922 &
1398 2889 1425 2922 a
1464 2874 1789 2939 significatione
1828 2875 1986 2924 lactare
2025 2879 2075 2926 δε
2114 2879 2319 2928 filiorum
2340 2903 2363 2939 ς

349 2943 476 3008 quod
505 2943 738 2992 Abraham
784 2941 1067 3007 repra‘sentet
1107 2943 1331 2989 Divinum
1379 2942 1582 3000 Bonum,
1632 2942 1685 2990 &
1723 2942 1861 2990 Sarah
1901 2945 2128 2994 Divinum
2160 2946 2362 3006 Verum,

350 3008 575 3058 ostensum
601 3009 698 3068 est;
734 3010 859 3074 quod
884 3009 951 3057 lac
974 3008 1028 3056 sit
1051 3008 1273 3075 spirituale
1296 3023 1353 3056 ex
1375 3009 1552 3072 origine
1575 3007 1766 3067 coelesti,
1802 3009 1875 3057 seu
1915 3025 2077 3060 verum
2119 3029 2175 3060 ex
2217 3014 2357 3072 bone,

350 3074 559 3125 videatur
582 3094 642 3124 n:
671 3084 817 3139 2184,
852 3078 913 3125 ita
951 3075 1111 3125 lactare
1148 3074 1211 3123 est
1251 3075 1512 3139 implantare
1548 3076 1697 3133 illud;
1733 3077 1860 3140 quod
1893 3077 1979 3126 filii
2010 3078 2095 3126 sint
2125 3094 2251 3137 vera,
2282 3080 2358 3129 hic

350 3155 459 3206 quae
488 3143 535 3191 in
560 3143 804 3201 Rationali‚
840 3142 1011 3192 constat
1042 3160 1102 3191 ex
1126 3142 1450 3208 significatione
1484 3142 1710 3201 filiorum,
1739 3159 1769 3191 11
1791 3161 1802 3191 :
1827 3150 1941 3209 489.
1960 3163 2073 3210 490.
2093 3163 2204 3211 49¹·
2233 3163 2259 3208 5
2268 3163 2359 3209 33:

350 3208 478 3273 qu'od
519 3209 618 3258 hzec
658 3211 705 3258 in
746 3209 868 3259 sensu
908 3211 1085 3259 interno
1124 3209 1394 3274 significent,
1429 3210 1557 3273 quod
1584 3209 1813 3258 Dominus
1842 3227 1899 3259 ex
1936 3213 2117 3275 propria
2155 3213 2362 3276 potentia

348 3275 633 3327 Humanum
662 3276 1000 3343 implantaverit
1025 3278 1218 3337 Divino,
1252 3275 1316 3328 est
1338 3277 1449 3342 quia
1469 3277 1698 3327 Divinum
1722 3276 1900 3328 Verum
1936 3277 2000 3326 est
2035 3278 2158 3327 idem
2197 3294 2246 3355 ac
2273 3280 2359 3328 Di-

2194 3359 2363 3396 vinum
