2826 3736
703 294 1037 357 CAPUT
1086 290 1560 365 DECIMUM
1606 286 2037 386 SEXTUM.
2298 311 2375 373 31

370 442 501 479 extus
525 440 663 478 ruunt
697 428 859 493 absque
894 428 1088 476 vinculis
1121 429 1168 476 in
1203 444 1342 476 omne
1367 424 1608 483 nefarium,
1646 441 1756 474 cum
1779 423 2029 472 differentia
2059 423 2222 481 solum,
2258 426 2387 489 quod

327 524 330 526 >
369 498 450 555 illi,
486 500 567 562 qui
600 508 768 561 putant
789 496 1029 544 Rationale
1054 496 1095 543 se
1119 495 1279 543 habere
1302 496 1352 543 δε
1377 510 1471 542 non
1501 494 1684 550 habent,
1723 493 1967 556 loquantur
1996 507 2054 540 ex
2076 492 2283 555 quodam
2306 494 2385 540 de-

368 581 479 613 coro
509 563 724 612 sermonis
757 564 806 611 &
831 575 969 626 agant
998 578 1055 608 ex
1089 562 1372 611 simulatorio
1411 560 1615 618 honesto,
1652 564 1700 608 in
1729 559 1898 624 quibus
1931 571 2143 608 tenentur
2177 574 2258 621 per
2275 562 2382 607 ‚vin—
2435 562 2439 569 “

365 632 470 679 cula
492 644 689 688 externa,
725 646 832 694 quae
867 629 970 676 sunt
1002 630 1143 676 timor
1177 629 1310 692 legis,
1338 626 1531 692 jaCturae
1557 628 1687 684 lucri,
1724 627 1924 683 honoris,
1960 625 2115 684 farnae,
2152 629 2302 681 vitae·‚
2349 627 2380 672 s1

366 699 551 746 vincula
575 698 691 755 haee,
726 712 834 760 quae
858 695 959 742 sunt
982 707 1180 753 externa,
1216 694 1517 751 auferrentur,
1554 693 1793 742 insanirent
1816 694 1957 758 aliqui
1990 693 2094 759 plus
2115 709 2256 757 quam
2283 693 2346 740 illi
2367 715 2380 747 ·,

369 781 506 829 quare
541 781 680 813 nemo
703 763 794 810 dici
818 762 965 827 potest
998 762 1233 810 Rationale
1267 761 1431 810 habere
1453 777 1511 810 ex
1541 778 1598 810 eo
1628 761 1758 826 quod
1795 761 2049 809 ratiocinari
2073 761 2242 824 poffit3
2284 762 2383 807 imo

367 834 449 896 qui
474 847 567 879 non
590 831 804 879 rationale
829 829 1011 886 habent,
1045 829 1098 877 &
1122 827 1390 876 sensualibus
1426 829 1476 877 ὅτ
1513 827 1768 877 scientificis
1799 827 1928 892 loqui
1962 827 2104 875 solent
2133 826 2284 874 multo
2314 826 2383 874 so—

369 898 540 956 lertius,
576 914 718 962 quam
739 899 820 961 qui
845 896 1042 952 habent;
1084 895 1173 944 hoc
1213 896 1449 943 clariffime
1487 896 1663 943 constat
1695 911 1721 943 a
1746 894 1974 960 spiritibus
1998 894 2127 942 malis
2168 895 2215 940 in
2248 894 2384 942 altera

369 967 479 1023 vita,
515 967 596 1030 qui
636 965 811 1013 tametsi
854 977 906 1011 ut
942 963 1200 1011 Rationales
1230 962 1371 1009 habiti
1401 978 1499 1026 prae
1533 962 1653 1020 aliis,
1699 963 1816 1009 dum
1837 963 2053 1009 vixerunt
2085 963 2132 1008 in
2172 977 2383 1025 corpore,

367 1032 507 1096 usque
541 1046 694 1080 tamen
719 1047 829 1079 curn
853 1030 1036 1078 vincula
1057 1042 1259 1085 externa,
1299 1044 1408 1091 quae
1442 1028 1663 1075 decorum
1698 1027 1932 1086 sermonis,
1972 1029 2023 1076 δε
2048 1027 2384 1076 simulatorium

368 1099 611 1147 honestum
635 1100 748 1146 vitae
787 1112 949 1145 eorum
988 1094 1209 1152 fecerunt,
1252 1092 1538 1151 auferuntur,
1580 1106 1633 1141 ut
1670 1094 1780 1143 solet
1808 1096 1907 1143 fieri
1940 1111 2050 1143 curn
2082 1094 2299 1142 omnibus
2336 1097 2386 1142 in

369 1165 505 1213 altera
528 1167 637 1221 vita,
673 1163 908 1212 insaniores
932 1161 1036 1209 sunt
1060 1161 1163 1219 illis,
1199 1162 1281 1225 qui
1306 1161 1352 1207 in
1377 1161 1558 1209 mundo
1592 1171 1744 1226 aperte
1776 1162 1917 1209 insani
1942 1162 2059 1219 sunt,
2096 1173 2237 1208 ruunt
2260 1162 2383 1210 enim

369 1233 417 1280 in
451 1248 590 1280 omne
630 1231 767 1278 nefas'
791 1228 956 1293 absque
996 1227 1189 1293 pudore,
1225 1229 1410 1286 timore,
1445 1228 1630 1276 horrore
1658 1251 1672 1285 3
1719 1240 1765 1276 at
1787 1231 1870 1292 qui
1896 1228 2156 1277 Rationales
2181 1226 2383 1286 fuerunt,

368 1314 478 1346 cum
506 1299 719 1345 vixerunt
743 1299 789 1344 in
815 1296 1011 1353 mundo,
1049 1312 1140 1342 non
1165 1297 1243 1353 ita,
1279 1311 1428 1359 quum
1460 1295 1529 1343 his
1553 1295 1736 1343 vincula
1767 1308 1953 1344 externa
1985 1294 2266 1352 auferuntur,
2305 1295 2385 1343 ad·

368 1365 460 1413 huc
485 1364 675 1413 saniores
706 1364 824 1421 sunt,
861 1378 967 1410 nam
1002 1362 1186 1410 vincula
1219 1363 1392 1410 interna
1425 1361 1698 1420 habuerunt,
1732 1379 1840 1427 quae
1876 1363 1979 1411 sunt
2002 1362 2185 1410 vincula
2213 1362 2386 1411 consci-

367 1434 521 1490 entiae,
557 1447 638 1495 per
659 1447 766 1494 quae
787 1431 1022 1478 Dominus
1050 1431 1199 1476 tenuit
1230 1430 1527 1493 cogitationes
1561 1430 1746 1478 illorum
1782 1430 1982 1493 alligatas
2016 1429 2195 1494 legibus
2219 1431 2313 1477 veri
2335 1431 2385 1479 &

370 1498 497 1556 boni,
532 1514 640 1562 quae
660 1495 844 1545 fuerunt
869 1495 1098 1544 rationalia
1129 1496 1333 1545 illorum.
2349 1497 2351 1501 ’

444 1571 584 1627 ¹945·
621 1565 771 1613 Paries
794 1564 961 1621 filium,
998 1562 1130 1627 quod
1149 1563 1374 1628 significet
1396 1579 1578 1622 verum,
1615 1578 1780 1627 nempe
1802 1561 1938 1624 huius
1962 1562 2232 1620 Rationalis,
2257 1564 2386 1628 quod

367 1648 449 1696 per
470 1630 628 1680 Ismael
656 1631 950 1695 significatur,
987 1629 1162 1679 constat
1191 1647 1218 1679 a
1238 1629 1567 1696 significatione
1589 1631 1713 1688 Filii,
1749 1630 1876 1694 quod
1901 1630 1956 1677 fit
1979 1630 2175 1686 Verum,
2213 1630 2271 1677 de
2295 1648 2388 1695 qua

368 1700 512 1763 prius,
548 1715 609 1747 n:
637 1699 748 1759 264.
791 1703 904 1763 489.
941 1715 1055 1764 491.
1090 1715 1203 1763 533.
1246 1714 1387 1765 ¹¹47·
1436 1698 1617 1748 Verum
1653 1698 1741 1746 hoc
1775 1695 2041 1745 describitur
2068 1697 2115 1744 in
2141 1696 2287 1746 Versu
2322 1699 2386 1746 se·

367 1778 550 1831 quente.

444 1834 584 1896 1946.
620 1832 688 1881 Et
718 1832 964 1897 appellabis
993 1848 1164 1880 nomen
1202 1830 1302 1896 ejus
1333 1831 1595 1894 Jischmael‚
1630 1830 1759 1896 quod
1783 1830 2007 1895 significet
2040 1830 2207 1879 statum
2240 1834 2350 1879 vitae
2370 1850 2385 1880 ε

370 1901 620 1963 antiquitus
655 1901 842 1946 nomina
874 1897 1146 1948 indebantur
1179 1898 1285 1946 filiis
1317 1899 1368 1947 &
1389 1897 1587 1957 filiabus,
1623 1914 1731 1963 quae
1766 1897 2076 1962 fignificabant
2112 1897 2296 1955 statum,
2339 1899 2387 1945 in

369 1981 467 2030 quo
489 1963 675 2014 fuerunt
697 1977 919 2030 parentes,
955 1965 1184 2029 imprimis
1207 1977 1387 2023 matres,
1427 1981 1539 2014 cum
1573 1977 1900 2028 conceperunt,
1936 1964 2010 2011 vel
2045 1979 2153 2012 cum
2178 1965 2388 2028 gravidae

369 2031 572 2089 fuerunt,
608 2031 682 2079 vel
706 2047 816 2080 cum
840 2043 1128 2097 pepererunt,
1165 2031 1239 2080 vel
1264 2034 1312 2080 in
1336 2048 1433 2097 quo
1461 2030 1648 2080 fuerunt
1673 2030 1863 2079 infantes
1898 2047 2008 2078 cum
2045 2032 2165 2079 nati:
2209 2033 2273 2078 ita
2305 2048 2387 2079 no·

370 2101 493 2147 mina
517 2096 704 2146 fuerunt
737 2098 1070 2163 significativa:
1114 2099 1239 2146 unde
1273 2098 1519 2162 jischmael
1552 2098 1704 2166 suurn⁸
1722 2113 1892 2146 nomen
1923 2097 2098 2155 habuit,
2133 2097 2388 2161 explicatur

370 2166 462 2223 hic,
498 2181 665 2229 nempe
701 2166 1020 2228 quia—audivit
1052 2165 1265 2227 Jehovah
1297 2165 1355 2213 ad
1390 2165 1698 2220 affliffionem,
1733 2164 1862 2227 quod
1901 2162 1988 2211 fuit
2022 2163 2159 2214 status
2196 2167 2385 2222 marris;

370 2232 484 2297 quid
506 2244 658 2279 autem
677 2230 919 2293 Jischmael
943 2232 1245 2295 repraesentat,
1283 2229 1550 2278 describitur
1572 2232 1619 2279 in
1637 2230 1780 2280 Versu
1806 2230 2026 2295 sequente.

447 2314 585 2364 1947.
625 2298 753 2363 Qia
774 2297 955 2346 audivit
977 2297 1190 2359 Jehovah
1212 2297 1270 2345 ad
1303 2298 1593 2347 afflietionem
1617 2310 1763 2355 tuam,
1802 2298 1930 2362 quod
1955 2298 2178 2362 significet
2203 2313 2311 2346 cum
2343 2299 2386 2347 se

370 2363 670 2422 submitteret,
706 2363 880 2413 constat
917 2380 974 2412 ex
1006 2363 1111 2422 illis,
1144 2381 1255 2429 quae
1278 2363 1410 2429 supra
1430 2382 1493 2414 n:
1520 2379 1644 2431 1937
1679 2365 1800 2412 dieta
1832 2364 1950 2422 sunt,
1991 2365 2119 2429 quod
2148 2364 2389 2414 humiliare

368 2431 412 2479 st
434 2431 485 2479 ὅτ
508 2432 704 2495 affligere
738 2431 793 2479 fit
828 2429 1088 2480 submittere
1112 2430 1154 2479 se
1176 2430 1386 2496 potestati
1409 2432 1581 2481 Interni
1605 2432 1846 2489 Hominis,
1882 2432 1939 2479 de
1975 2448 2066 2497 qua
2097 2431 2385 2481 submiffione

370 2499 508 2546 etiam
533 2499 687 2546 aetum
711 2497 792 2555 est,
827 2498 878 2547 δε
902 2497 965 2546 ibi
989 2497 1231 2559 ostensum,
1267 2498 1396 2563 quod
1421 2499 1474 2547 s1t
1498 2515 1677 2565 cogere,
1711 2511 1815 2547 tum
1838 2500 1966 2563 quod
2004 2502 2050 2547 in
2086 2516 2227 2562 cogere
2249 2500 2300 2563 se
2334 2500 2389 2548 fit

373 2564 586 2622 liberum,
623 2565 710 2612 hoc
729 2564 826 2623 sest,
863 2563 1162 2630 spontaneum
1194 2567 1246 2614 δε
1281 2566 1614 2624 voluntarium,
1649 2583 1745 2631 quo
1768 2568 1819 2631 fl'
1851 2583 1992 2630 cogere
2026 2566 2323 2630 distinguitur
2361 2584 2387 2614 a

371 2633 497 2692 cogi3
538 2629 765 2678 ostensum
789 2647 992 2696 quoque,
1027 2633 1155 2696 quod
1191 2631 1357 2697 absque
1389 2633 1478 2682 hoc
1512 2633 1671 2691 libero,
1711 2631 1784 2681 seu
1826 2633 2072 2697 spontaneo
2103 2646 2179 2681 aut
2218 2633 2386 2680 volun-

372 2697 502 2753 tario,
540 2695 761 2760 nusquam
784 2697 929 2746 homo
950 2701 1086 2761 posiit
1109 2696 1361 2757 reformari,
1398 2699 1657 2764 &aliquod
1679 2701 1922 2764 proprium
1948 2699 2128 2748 coeleste
2152 2701 2351 2764 accipere
2370 2723 2383 2756 ;

371 2774 474 2810 tum
495 2763 651 2820 etiam,
686 2762 816 2826 quod
850 2763 899 2810 in
932 2765 1383 2829 tentationibus‘plus
1403 2765 1534 2813 liberi
1557 2766 1627 2823 fit,
1664 2766 1841 2813 tametsi
1873 2769 2151 2814 contrarium
2185 2779 2385 2831 apparet,

319 2832 322 2834 ’
370 2845 510 2893 quam
534 2842 660 2876 extra
683 2831 969 2887 tentationes,
993 2843 1104 2878 tunc
1126 2833 1250 2879 enim
1274 2831 1469 2879 liberum
1492 2830 1653 2880 fortius
1678 2833 1731 2880 fit
1749 2832 1995 2880 secundum
2018 2835 2385 2898 impugnationes

372 2913 399 2944 a
422 2896 553 2944 malis
575 2897 627 2943 ὅτ
651 2894 783 2955 falsu,
820 2898 870 2945 ὅτ
895 2897 1211 2946 corroboratur
1241 2913 1268 2945 a
1288 2899 1516 2957 Domino,
1541 2911 1594 2947 ut
1616 2900 1858 2964 proprium
1883 2900 2064 2949 coeleste
2097 2904 2137 2948 ei
2172 2902 2383 2957 donetur,

370 2978 510 3027 quare
531 2964 667 3011 etiarn
690 2964 736 3011 in
759 2964 1082 3012 tentationibus
1105 2965 1340 3013 Dominus
1364 2965 1626 3030 praesentior
1657 2966 1755 3022 est;
1798 2980 1866 3024 ut,
1907 2969 1955 3015 &
1990 2969 2116 3032 quod
2151 2970 2384 3016 Dominus

374 3028 595 3093 nusquam
620 3029 818 3094 aliquem
860 3044 1011 3095 cogat,
1046 3033 1128 3096 qui
1167 3034 1350 3097 cogitur
1388 3033 1445 3081 ad
1486 3034 1785 3099 cogitandum
1820 3050 2001 3093 verum,
2037 3037 2086 3083 ὅτ
2124 3034 2382 3083 faciendum

373 3096 567 3152 bonum,
606 3113 698 3144 non
723 3094 1010 3156 reformatur,
1045 3097 1119 3146 sed
1142 3110 1253 3147 tunc
1289 3099 1437 3149 adhuc
1477 3102 1621 3164 magis
1657 3102 1827 3165 cogitat
1863 3100 2041 3158 falsum,
2086 3103 2134 3150 δε
2159 3102 2260 3148 vult
2286 3116 2381 3145 ma-

374 3162 493 3218 lum,
531 3164 680 3210 omnis
702 3164 874 3212 coafflo
897 3166 984 3212 hoc
1007 3165 1159 3213 secum
1184 3165 1336 3224 habet,
1371 3168 1498 3231 quod
1528 3171 1664 3215 etiam
1689 3169 1886 3215 constare
1913 3168 2058 3232 potest
2081 3184 2107 3214 a
2130 3170 2238 3214 vitre
2276 3166 2383 3212 actis

375 3230 425 3275 ὅτ
450 3228 753 3287 documentis,
794 3247 876 3294 per
913 3247 1021 3295 quae
1060 3234 1244 3297 cognita
1273 3233 1375 3282 sunt
1414 3235 1513 3282 haec
1545 3234 1662 3291 bina,
1702 3236 1826 3298 quoti
1864 3236 2146 3282 conscientiae
2188 3247 2275 3279 non
2302 3247 2382 3294 pa·

373 3295 540 3344 tiantur
562 3293 603 3343 se
626 3297 749 3359 cogi,
785 3298 836 3347 ὅτ
856 3299 984 3363 quod
1008 3299 1208 3349 nitamur
1229 3301 1277 3350 in
1300 3301 1498 3351 vetitum
1518 3324 1535 3359 3
1575 3301 1765 3366 quisque
1799 3305 1936 3350 etiam
1969 3319 1992 3349 a
2027 3317 2118 3348 non
2155 3299 2294 3412 libbm
2334 3300 2380 3344 in

2188 3366 2219 3412 li
2254 3381 2382 3413 erum
