2826 3736
433 283 518 348 30
930 255 1909 325 GENESJ&

499 409 639 457 1941.
678 391 743 441 Et
768 391 1198 439 non'numerabitur
1223 406 1318 453 prae
1343 389 1655 446 multitudine,
1691 390 1822 453 quod
1846 389 2068 453 significet
2093 392 2447 456 multiplicatio-·

428 477 538 515 nem,
559 462 606 508 in
630 458 921 515 immensum,
960 458 1132 505 constat
1155 456 1319 520 absque
1343 458 1674 521 explic‘atione3
1713 473 1793 520 per
1816 457 1915 523 haec
1939 457 2216 520 significatur
2241 461 2439 518 Verum,

427 527 556 594 quod
580 527 639 574 fic
666 525 962 574 multitudine
987 524 1150 571 crescet
1175 540 1199 569 a
1223 526 1385 571 Bono:
1445 523 1568 586 apud
1591 525 1873 581 Dominum,
1910 523 1968 570 de
1993 524 2108 587 Qo
2128 526 2205 573 hic
2244 527 2293 573 in
2317 526 2443 578 sensu

428 598 607 644 interno
628 595 792 658 agitur,
819 594 924 656 quia
941 593 1111 639 Divina
1136 592 1184 638 δε
1210 590 1393 638 Infinita
1414 591 1586 647 omnia,
1623 590 1700 637 illa
1722 607 1815 639 non
1839 590 1942 638 sunt
1963 591 2278 655 expresiibilia,
2302 609 2444 656 quare

429 674 482 709 ut
522 662 622 709 idea
660 662 792 724 poffit
831 659 986 722 aliqua⁴
1018 658 1118 721 capi
1153 658 1395 720 quomodo
1426 656 1467 704 se
1507 656 1643 704 habet
1677 673 1788 705 cum
1830 658 2214 720 multiplicatione
2238 660 2349 707 Veri
2385 675 2443 707 ex

429 730 580 784 Bono,
617 728 673 774 de
699 726 884 774 homine
909 724 1190 772 dicendum:
1240 723 1363 786 apud
1395 723 1651 780 hominem,
1688 727 1771 788 qui
1806 725 1854 772 in
1877 726 2010 772 Bono
2039 724 2119 783 est,
2155 725 2243 774 hoc
2276 726 2357 784 est,
2394 727 2442 774 in

430 811 583 843 amore
599 795 647 841 ὅτ
671 793 896 848 charitate,
933 791 1082 838 semen
1116 807 1141 837 a
1163 791 1372 838 Domino
1404 791 1465 837 ita
1487 787 1786 840 fructificatur
1809 793 1859 840 δε
1883 791 2230 856 multiplicatur,
2267 805 2318 841 ut
2342 809 2441 857 prae

433 860 729 909 multitudine
761 860 987 907 numerari
1011 869 1201 921 nequeat
1226 879 1240 913 ;
1277 858 1393 904 dum
1416 857 1535 903 vivit
1568 858 1616 903 in
1652 872 1844 920 corpore
1878 874 1970 907 non
2002 859 2081 916 ita,
2117 857 2192 907 sed
2226 860 2273 906 in
2309 860 2446 907 altera

432 929 526 975 vita
550 926 870 974 incredibiliter
888 940 926 982 ς·
943 924 1169 988 quamdiu
1191 925 1317 971 enim
1339 924 1483 971 homo
1506 924 1553 970 in
1575 938 1766 987 corpore
1792 925 1931 981 vivit,
1968 926 2018 972 &
2041 924 2192 973 semen
2226 927 2274 974 in
2296 925 2446 974 humo

434 1010 666 1059 corporea,
704 995 754 1041 δε
797 992 859 1040 ibi
899 993 1016 1039 inter
1055 990 1254 1055 implexa
1278 992 1327 1038 δι
1351 989 1500 1047 densa,
1541 1005 1648 1054 quae
1682 989 1784 1039 sunt
1805 989 2048 1038 scientifica
2079 991 2130 1038 δε
2164 991 2440 1055 voluptates,

434 1074 538 1108 tum
568 1077 691 1108 curae
714 1061 762 1107 &
787 1058 1141 1114 sollicitudines·,
1180 1069 1226 1105 at
1256 1059 1326 1106 his
1362 1058 1528 1113 exutis,
1562 1056 1695 1121 quod
1736 1058 1791 1105 fit
1823 1058 1941 1105 dum
1978 1057 2133 1104 transit
2169 1059 2217 1105 in
2258 1059 2446 1107 alteram

431 1129 595 1184 vitam,
632 1126 779 1174 semen
819 1125 1068 1174 exsolvitur
1106 1123 1210 1182 illis,
1264 1125 1314 1172 δε
1342 1121 1572 1181 excrescit,
1611 1123 1728 1171 ficut
1767 1122 1881 1172 solet
1914 1122 2064 1171 semen
2100 1123 2287 1183 arboris,
2336 1142 2445 1174 cum

436 1194 581 1257 surgit
613 1211 671 1241 ex
695 1194 856 1250 humo,
894 1191 1085 1240 crescere
1123 1194 1169 1239 in
1193 1191 1471 1259 virgultum,
1506 1202 1612 1238 tum
1645 1191 1692 1238 in
1716 1206 1939 1255 magnum
1975 1190 2201 1248 arborem,
2257 1193 2307 1240 &
2341 1194 2448 1240 dein

436 1261 729 1325 multiplicari
763 1261 810 1306 in
843 1259 1058 1307 arborum
1100 1258 1322 1313 hortum;
1378 1257 1530 1304 omnis
1569 1257 1698 1319 enim·
1727 1256 1924 1314 scientia,
1961 1257 2258 1321 intelligentia
2296 1259 2347 1307 &
2381 1259 2445 1306 sa-

434 1329 619 1390 pientia,
657 1329 706 1374 &
743 1326 921 1374 illarum
950 1324 1161 1390 jucunda
1183 1326 1232 1373 Sc
1257 1322 1403 1375 felicia
1427 1325 1490 1370 ita
1518 1320 1852 1371 fructificantur
1890 1323 1940 1371 δε
1974 1323 2353 1387 multiplicantur,
2393 1326 2446 1373 &

433 1394 495 1441 fic
518 1392 723 1441 crescunt
758 1394 804 1439 in
828 1406 1070 1448 aeternum,
1096 1392 1146 1440 ὅτ
1174 1392 1262 1439 hoc
1288 1392 1487 1438 minimo
1510 1388 1698 1447 semine,
1733 1401 1786 1437 ut
1805 1391 2040 1438 Dominus
2070 1390 2206 1438 docet
2228 1390 2286 1438 de
2303 1407 2448 1454 grano

435 1461 617 1524 sinapis,
655 1459 809 1506 Matth
831 1477 842 1507 ε
865 1475 964 1506 xm
989 1473 999 1502 ι
1023 1476 1098 1521 31.
1135 1457 1264 1522 quod
1285 1456 1385 1505 satis
1420 1454 1619 1504 constare
1642 1455 1806 1520 potest,
1832 1454 1868 1505 'a
1899 1455 2097 1514 scientia,
2133 1457 2447 1522 intelligentia,

435 1528 486 1573 δε
522 1527 732 1590 sapientia
756 1526 1066 1589 Angelorum,
1103 1540 1211 1589 quae
1241 1537 1370 1583 tunc,
1406 1539 1517 1572 cum
1551 1520 1737 1572 fuerunt
1775 1522 1999 1582 homines,
2036 1523 2125 1572 illis
2163 1523 2253 1572 fuit
2289 1524 2449 1573 ineffa-

438 1592 565 1640 bilis:
2062 1618 2064 1621 v

511 1676 651 1723 1942.
688 1658 813 1707 Vers.
847 1676 865 1706 1
881 1675 918 1706 1.
956 1660 1022 1707 Et
1044 1658 1155 1706 dixit
1190 1659 1228 1706 ei
1242 1657 1431 1722 Angelus
1453 1657 1653 1721 Jehovae,
1691 1674 1780 1706 ecce
1812 1667 1863 1706 tu
1889 1657 2101 1721 gravida,
2138 1657 2194 1708 69²
2211 1659 2360 1721 paries
2380 1656 2444 1715 fi-

437 1728 557 1784 lium,
595 1726 650 1775 {9³
688 1726 920 1788 appellabis
943 1740 1086 1774 nomen
1117 1726 1206 1789 ejus
1226 1725 1480 1790 Jzschmael,
1515 1727 1615 1789 quia
1647 1725 2051 1789 audivit-Jehovah
2084 1725 2147 1773 ad
2181 1725 2448 1786 affliflionem

435 1804 568 1841 tuam.
639 1794 772 1840 Dixit
795 1794 834 1839 ei
853 1792 1063 1855 Angelus
1086 1791 1304 1852 Jehovae,
1340 1791 1563 1854 fignificat
1586 1791 1813 1839 Interioris
1834 1792 2059 1840 Hominis
2083 1793 2410 1856 cogitationem
2431 1808 2443 1839 ε

435 1876 540 1906 ecce
574 1871 624 1906 tu
650 1859 854 1922 gravida,
892 1858 1113 1922 fignificat
1137 1859 1280 1906 vitam
1299 1857 1551 1906 Rationalis
1575 1856 1805 1906 hominis:
1853 1858 1996 1922 paries
2020 1857 2188 1915 filiurn,
2226 1857 2452 1922 fignificat

434 1941 600 1973 verum
637 1924 761 1989 ejus:
811 1926 861 1973 &
897 1923 1140 1989 appellabis
1180 1941 1350 1972 nomen
1386 1922 1482 1988 ejus
1516 1923 1779 1986 Jischmael,
1831 1916 2057 1988 fignificat
2095 1923 2262 1973 statum
2303 1925 2446 1973 vitae:

435 1993 544 2056 quia
564 1992 740 2039 audivit
757 1991 967 2053 Jehovah
987 1991 1043 2038 ad
1068 1991 1360 2039 afflictionem
1384 2003 1529 2048 tuam,
1565 1991 1793 2055 fignificat
1816 2007 1923 2039 cum
1950 1990 1992 2038 se
2015 1990 2312 2040 submitteret.

420 2057 426 2059 ’
517 2075 655 2123 ¹943·
691 2059 833 2105 Dixit
850 2058 1062 2121 Angelus
1086 2058 1280 2119 Jehova,
1315 2055 1445 2122 quod
1479 2058 1705 2121 significet
1727 2058 1957 2106 Interioris
1986 2057 2185 2107 hominis
2208 2057 2448 2121 cogitatio·

439 2141 564 2183 nem,
601 2124 775 2172 constat
798 2140 854 2171 ex
878 2124 966 2171 illis
989 2141 1095 2187 quae
1120 2123 1252 2187 supra
1285 2125 1344 2172 ad
1362 2123 1500 2172 Vers:
1525 2140 1568 2189 7.
1594 2141 1639 2187 9.
1672 2140 1744 2175 10.
1782 2125 1903 2172 dieta
1925 2123 2041 2172 sunt.
2302 2136 2306 2140 ·

511 2209 652 2255 1944.
691 2191 815 2239 Ecce
839 2203 889 2238 tu
915 2190 1118 2253 gravida,
1154 2191 1282 2253 quod
1316 2190 1539 2253 significet
1561 2193 1706 2237 vitam
1730 2191 1984 2238 Rationalis
2020 2190 2235 2247 hominis,
2272 2188 2447 2250 constat

437 2258 496 2306 ab
520 2258 607 2305 illis
631 2273 738 2322 quae
765 2257 894 2321 supra
917 2257 974 2304 de
998 2257 1292 2320 conceptione
1313 2254 1425 2319 ejus,
1461 2256 1596 2312 dicta,
1633 2257 1684 2303 &
1721 2272 1778 2302 ex
1812 2256 1898 2303 illis
1933 2273 2039 2319 quae
2073 2257 2131 2303 de
2161 2256 2348 2304 Ismaele
2383 2257 2447 2303 se-

440 2338 664 2389 quuntur,
701 2325 828 2388 quod
853 2339 1022 2387 nempe
1053 2323 1106 2371 fit
1138 2326 1346 2387 primum
1376 2322 1587 2370 rationale
1627 2322 1752 2386 apud
1775 2323 2051 2371 Dominum.
2122 2322 2176 2369 In
2200 2338 2361 2385 genere
2391 2323 2449 2369 de

441 2391 679 2440 Rationale
704 2391 890 2439 homine
927 2390 1176 2446 sciendum,
1214 2390 1342 2454 quod
1375 2388 1613 2437 Rationale
1644 2402 1755 2437 tunc
1794 2391 1938 2436 vitam
1973 2389 2189 2453 accipere,
2238 2390 2284 2436 in
2318 2400 2450 2436 utero

438 2458 538 2515 effe,
575 2459 624 2514 &
648 2456 782 2515 nasci,
826 2457 1018 2514 dicatur,
1055 2457 1240 2520 quando
1279 2457 1424 2504 horno
1455 2458 1652 2519 cogitare
1688 2456 1866 2519 incipit,
1907 2455 2034 2519 quod
2058 2454 2179 2520 apud
2205 2454 2246 2502 se
2272 2455 2446 2520 malum

439 2525 490 2572 ὅτ
514 2523 677 2572 falsum
710 2524 765 2571 fit
788 2524 916 2589 quod
939 2524 1207 2571 contradicit
1241 2524 1291 2570 ὅτ
1332 2522 1590 2570 adversatur
1629 2539 1739 2570 vero
1771 2524 1822 2571 δε
1860 2522 1999 2579 bono,
2037 2524 2085 2570 &
2122 2523 2267 2585 magis
2298 2521 2447 2569 adhuc

442 2607 551 2638 cum
576 2591 690 2638 illud
713 2590 927 2640 amovere
957 2592 1006 2638 &
1029 2589 1267 2655 subjugare
1290 2590 1423 2646 vult;
1466 2589 1546 2637 nisi
1579 2588 1667 2637 hoc
1696 2591 1987 2655 appercipere
2017 2589 2066 2636 ὅτ
2092 2587 2249 2635 sentire
2281 2588 2445 2652 potest,

440 2674 533 2706 non
566 2658 700 2706 habet
736 2658 924 2722 aliquod
949 2658 1201 2714 Rationale,
1238 2669 1471 2720 utcunque
1495 2667 1627 2720 putat
1656 2655 1698 2704 se
1720 2656 1913 2711 habere;
1954 2654 2191 2703 Rationale
2225 2659 2350 2703 enim
2384 2655 2448 2702 est

441 2724 649 2772 medium
688 2726 847 2772 uniens
881 2725 1051 2773 Interni
1074 2724 1273 2772 hominis
1307 2739 1415 2772 curn
1440 2723 1663 2781 Exoerno,
1700 2725 1749 2771 δε
1774 2723 1834 2771 fic
1858 2723 2108 2772 aDomino
2138 2722 2446 2786 appercipiens

440 2791 554 2855 quid
590 2792 637 2838 in
653 2791 859 2838 Externo
882 2793 1132 2856 peragitur,
1169 2791 1219 2839 &
1243 2791 1453 2854 redigens
1471 2790 1732 2838 Externum
1758 2789 1815 2837 ad
1838 2788 2123 2852 obsequium,
2149 2789 2247 2834 imo
2270 2787 2447 2834 elevans
2467 2822 2471 2827 .

441 2874 549 2905 eum
585 2874 610 2904 a
646 2874 724 2905 cor
790 2859 871 2905 reis
912 2859 961 2905 ὅτ
996 2858 1197 2914 terrenis,
1233 2857 1280 2905 in
1317 2873 1422 2921 quae
1448 2856 1489 2904 se
1513 2858 1768 2921 immergit,
1805 2858 1852 2903 &
1885 2857 2082 2903 efficiens
2121 2865 2175 2900 ut
2213 2853 2357 2901 homo
2395 2853 2450 2901 stt

440 2924 602 2982 homo,
638 2936 690 2970 ut
731 2925 881 2988 pectet
912 2924 966 2972 ad
991 2923 1185 2980 coelum,
1221 2920 1350 2987 cujus
1375 2923 1588 2987 indigena
1610 2923 1690 2980 est,
1717 2938 1836 2978 non,
1872 2933 1925 2968 ut
1951 2921 2085 2967 bruta
2117 2920 2342 2976 animalia,
2378 2919 2447 2967 so·

441 2991 540 3038 lum
581 2991 646 3038 ad‘
676 2998 858 3047 terram,
896 2992 942 3038 in
967 3006 1059 3054 qua
1084 2990 1230 3038 modo
1260 2992 1588 3054 peregrinatur,
1627 2990 1779 3036 minus
1816 2988 1875 3035 acl
1909 2985 2171 3043 infernum3
2213 2986 2312 3033 haec
2348 2985 2451 3035 sunt

440 3058 694 3105 Rationalis
719 3058 904 3113 officia3
945 3073 1080 3120 quare
1116 3057 1198 3104 nis1
1239 3057 1383 3105 homo
1406 3056 1514 3104 'talis
1539 3055 1610 3113 fit,
1645 3068 1699 3103 ut
1729 3055 1778 3102 id
1812 3055 2011 3118 cogitare
2035 3056 2184 3117 possit,
2221 3069 2315 3100 non
2355 3053 2445 3101 dici

440 3124 747 3189 potest‘quod
771 3123 1010 3172 Rationale
1045 3123 1220 3181 habeat,
1258 3140 1315 3171 ex
1349 3121 1445 3187 ejus
1483 3121 1585 3169 usus
1623 3120 1695 3169 seu
1735 3120 1983 3172 funffionis
2015 3121 2110 3168 vita
2144 3119 2449 3185 cognoscitur,

438 3204 554 3238 num
578 3191 657 3239 fit:
702 3192 955 3239 ratiocinari
980 3202 1136 3239 contra
1169 3190 1346 3237 bonum
1370 3193 1419 3239 ὅτ
1437 3204 1615 3246 verum,
1641 3187 1769 3252 quod
1792 3188 1928 3236 corde
1953 3199 2106 3251 negat,
2141 3187 2191 3234 &
2215 3186 2343 3250 quod
2369 3203 2450 3234 no-
2494 3200 2495 3204 ¹

438 3259 508 3307 vit
540 3258 646 3323 quia
662 3258 726 3307 -de
750 3274 803 3307 eo
828 3257 1021 3317 audivit,
1058 3272 1151 3306 non
1175 3256 1239 3306 est
1260 3255 1473 3308 rationale
1497 3255 1673 3315 habere,
1699 3256 1786 3307 hoc
1810 3254 1993 3323 possunt
2016 3255 2151 3303 etiam
2175 3254 2342 3319 plures„
2367 3255 2449 3316 qui

2322 3331 2454 3368 extus
2516 3319 2517 3322 ’
