2826 3736
611 240 968 306 CAPUT
1019 239 1563 304 DECIMUM
1610 240 2075 303 SEXTUM.
2272 266 2353 329 35

349 375 598 431 Ismaelem,
640 376 690 423 ὅτ
714 373 980 423 describitur
1004 376 1049 423 in
1074 375 1161 424 hoc
1185 375 1346 433 Versu,
1382 374 1562 439 prorsus
1585 373 1706 422 aliud
1731 373 1810 430 est,
1837 389 2001 436 nempe
2025 374 2156 421 instar
2178 378 2353 440 onagri,

348 444 399 491 &
438 454 612 506 pugnat
651 455 809 490 contra
847 459 1022 499 omneS,
1061 445 1110 491 &
1146 460 1305 492 omnes
1340 454 1496 491 contra
1536 441 1668 498 illud,
1706 443 1803 488 imo
1842 441 1923 487 vix
1954 439 2076 487 aliud
2110 444 2281 504 cogitat
2305 445 2363 491 &-

347 508 482 574 spirat
505 526 643 574 quarn
678 526 872 573 pugnas,
910 510 1145 557 delectatio
1181 509 1277 574 ejus
1312 509 1590 566 communis,
1626 507 1699 555 seu
1739 508 1916 555 affectio
1957 523 2147 571 regnans
2186 508 2266 564 est,
2301 523 2354 557 ut
2400 508 2402 510 ’

347 578 518 633 vincat,
556 586 603 623 oc
629 593 737 624 cum
761 578 920 632 vincit,
957 575 1175 639 gloriatur
1198 578 1255 624 de
1278 577 1483 633 vietoria,
1519 591 1655 639 quare
1691 573 1954 622 describitur
1994 591 2074 638 per
2111 590 2354 637 onagrum,

348 641 422 691 seu
449 642 631 690 mulum
665 641 840 699 deserti,
878 655 955 689 aut
992 642 1164 689 asinum
1199 643 1476 705 sylvestrem,
1513 643 1592 706 qui
1633 659 1725 689 non
1764 658 1872 689 curn
1916 641 2010 689 aliis
2049 641 2133 688 effe
2171 641 2352 705 potest3

348 709 450 757 talis
488 710 581 756 vita
619 707 682 756 est
722 710 819 756 vita
853 709 950 756 veri
984 708 1147 772 absque
1184 708 1323 766 bono,
1361 711 1459 756 imo
1480 713 1575 756 vita
1597 708 1706 756 fidei
1739 708 1901 772 absque
1938 707 2181 764 charitate3
2217 723 2354 771 quare

349 792 459 823 cum
489 788 775 838 regeneratur
814 774 974 832 homo,
1010 775 1064 822 fit
1098 775 1287 840 quidem
1329 792 1408 839 per
1444 792 1604 823 verum
1646 774 1772 832 fidei,
1808 774 1882 822 sed
1921 774 2060 839 usque
2101 774 2235 822 simul
2272 790 2354 839 per

347 843 492 890 vitam
517 843 763 899 charitatis,
799 858 937 906 quam
961 843 1195 890 Dominus
1219 843 1409 891 insinuat
1433 842 1683 890 secundum
1706 842 1982 889 incrementa
2004 842 2100 888 veri
2128 841 2247 888 fidei.

423 926 562 974 1951.
601 909 750 973 Qod
791 920 947 957 contra
987 908 1118 956 facies
1156 911 1368 956 omnium
1410 907 1601 956 fratrum
1637 907 1820 956 suorum
1859 907 2093 965 habitabit,
2131 906 2353 971 fignificet

347 976 477 1041 quod
514 977 746 1023 continuae
778 977 1088 1024 contentiones
1110 978 1156 1023 in
1181 978 1233 1022 iis
1257 991 1364 1038 quae
1387 975 1495 1021 fidei
1519 974 1637 1031 sunt,
1672 973 1747 1022 sed
1769 975 1897 1039 quod
1920 974 2060 1038 usque
2083 974 2231 1022 victor
2251 976 2353 1031 erit,

349 1041 522 1090 constat
545 1057 602 1090 ex
625 1041 711 1089 illis
733 1058 840 1106 quae
873 1058 995 1090 nunc
1019 1042 1140 1088 dieta
1162 1039 1264 1087 sunt
1289 1063 1303 1096 ;
1338 1040 1468 1104 quod
1489 1039 1638 1088 adhuc
1662 1040 1838 1105 plenius
1862 1040 2142 1098 describitur,
2178 1040 2258 1088 ubi
2298 1041 2355 1088 de

349 1108 547 1156 Ismaelis
583 1108 772 1173 posteris
809 1110 977 1171 agitur,
1013 1107 1082 1154 his
1118 1106 1269 1154 verbis
1305 1111 1340 1134 “
1375 1105 1715 1173 Habitaverunt
1759 1123 1784 1155 a
1822 1107 2072 1165 Chavillah,
2121 1106 2262 1171 usque
2297 1108 2355 1154 ad

352 1181 388 1204 “
422 1175 575 1232 Schur,
611 1175 740 1238 quod
762 1173 820 1221 ad
835 1172 972 1221 facies
986 1175 1188 1236 AEgypti,
1223 1189 1315 1237 qua
1337 1174 1518 1221 venitur
1537 1174 1583 1220 in
1601 1173 1786 1237 Aschur,
1812 1174 1868 1222 ad
1890 1174 2024 1222 facies
2039 1174 2254 1222 omnium
2270 1171 2357 1221 fra·

350 1246 387 1270 ‘⁶
421 1254 545 1289 trum
563 1240 727 1287 cecidit
748 1238 860 1299 (sors
877 1241 944 1298 :)'’
967 1240 1103 1288 Gen:
1130 1255 1253 1287 xxv:
1286 1244 1358 1290 18.
1385 1255 1584 1303 quorurn
1602 1238 1750 1287 sensus
1765 1241 1965 1289 internus
1987 1253 2109 1305 patet
2137 1257 2164 1287 a
2186 1240 2359 1303 fignifi-

347 1308 522 1356 catione
546 1305 800 1364 Chavillah,
825 1307 987 1363 Schur,
1012 1307 1232 1371 AEgypti,
1256 1307 1306 1354 δε
1322 1306 1516 1370 Affyriae
1537 1329 1552 1363 3
1587 1306 1823 1355 Chavillah
1848 1307 2068 1372 fignificat
2092 1306 2205 1354 illud
2230 1307 2360 1371 quod

334 1374 414 1422 'est
436 1373 767 1438 intelligentiae,
800 1384 854 1420 ut
884 1384 1008 1437 patet
1034 1372 1089 1421 ab
1121 1372 1208 1421 illis
1243 1389 1350 1437 quae
1373 1372 1541 1421 ostensa
1563 1390 1622 1422 n:
1657 1391 1784 1438 1153
1819 1373 1967 1422 Schur
2001 1390 2163 1422 verum
2198 1390 2358 1438 proce·

348 1441 460 1488 dens
495 1456 520 1488 a
559 1439 828 1497 scientificis,
880 1439 937 1488 de
983 1455 1074 1504 qua
1122 1438 1270 1503 supra,
1322 1457 1381 1489 n:
1433 1445 1592 1506 1928;
1645 1440 1887 1505 AEgyptus
1933 1456 2072 1488 omne
2117 1441 2247 1504 quod
2291 1438 2358 1488 est

349 1506 563 1564 scientiae,
599 1523 660 1554 n:
694 1507 831 1568 1164.
866 1506 1004 1569 1165.
1037 1507 1176 1556 1186.
1205 1506 1368 1566 1462;
1404 1507 1454 1554 δε
1480 1507 1659 1570 Affyria
1680 1507 1808 1571 quod
1831 1506 1896 1555 est
1919 1508 2116 1563 rationis,
2154 1523 2214 1555 n:
2247 1522 2355 1570 119.

358 1591 378 1624 1
393 1573 496 1623 186.
532 1589 590 1620 ex
613 1588 814 1637 quorum
835 1572 1238 1638 significationibus
1271 1573 1318 1620 in
1356 1589 1505 1621 unum
1544 1572 1721 1621 sensum
1761 1572 1970 1630 redaffis,
2006 1572 2196 1631 constat,
2231 1572 2363 1637 quod
2410 1597 2413 1600 >

349 1655 432 1706 per
453 1639 687 1688 Ismaelem
710 1639 798 1688 tale
820 1639 1060 1689 Rationale
1092 1638 1449 1704 repraesentetur.
1519 1638 1676 1704 Ipsum
1692 1639 1796 1694 ‚tale
1817 1638 1997 1688 Verum
2038 1641 2086 1687 in
2108 1639 2243 1688 altera
2264 1640 2362 1688 vita

352 1705 711 1772 repraesentative
746 1707 882 1756 variis
923 1706 1074 1755 modis
1111 1705 1292 1764 sistitur,
1329 1708 1378 1756 δε
1415 1706 1591 1771 semper
1630 1718 1683 1754 ut
1714 1704 1858 1763 forte,
1894 1706 2118 1764 validum,
2170 1707 2363 1762 durum,

352 1774 482 1831 adeo,
518 1785 572 1821 ut
593 1772 773 1838 prorsus
796 1773 1181 1838 res1sti1nequeat3
1217 1773 1333 1822 dum
1373 1773 1518 1822 modo
1540 1773 1735 1837 Spiritus
1775 1773 1979 1837 cogitant
2017 1773 2075 1821 de
2114 1772 2193 1821 tali
2217 1773 2358 1829 Vero,

352 1840 542 1889 obvenit
563 1840 801 1904 quoddam
823 1842 1021 1896 terroris,
1037 1857 1116 1888 ‚ex
1157 1839 1286 1887 causa
1324 1842 1432 1904 quia
1470 1852 1628 1887 natura
1665 1838 1763 1904 ejus
1801 1839 1882 1896 est,
1917 1852 1970 1887 ut
2003 1855 2095 1888 non
2118 1839 2263 1896 cedat,
2299 1840 2362 1886 ita

354 1922 438 1954 nec
475 1907 686 1962 recedat;
721 1921 782 1954 ex
805 1906 972 1969 quibus
994 1909 1129 1954 etiam
1154 1905 1355 1954 constare
1377 1905 1542 1971 potest,
1577 1906 1691 1970 quid
1722 1922 1804 1970 per
1825 1905 2024 1953 habitare
2046 1918 2203 1953 contra
2226 1903 2360 1953 facies

353 1973 566 2020 omnium
591 1970 784 2021 fratrum
806 1971 874 2020 fit.
926 1972 1148 2037 Qisquis
1170 1970 1277 2020 scire
1300 1972 1465 2038 potest,
1499 1972 1628 2037 quod
1646 1973 1694 2020 in
1715 1971 2013 2036 descriptione
2036 1971 2120 2020 hac
2143 1987 2358 2020 arcanum

352 2039 503 2095 lateat,
540 2037 616 2087 sed
639 2037 790 2103 quale,
824 2037 1056 2103 hucusque
1079 2037 1316 2088 nescitum.

426 2119 568 2172 1952.
604 2104 744 2153 Vers:
778 2122 851 2170 13·
881 2122 955 2166 14.
1008 2106 1073 2154 Et
1110 2108 1291 2154 vocavit
1313 2106 1482 2156 Nomen
1503 2106 1687 2170 Jehovae
1722 2105 1923 2170 loquentis
1961 2104 2023 2153 ad
2047 2105 2113 2169 se,
2148 2103 2194 2152 T
2189 2120 2218 2151 u
2242 2104 2362 2151 Deus

354 2171 505 2220 videns
526 2188 606 2228 me,
639 2173 741 2236 quia
763 2171 892 2228 dixit,
927 2188 1027 2220 num
1060 2174 1190 2234 etiam
1221 2172 1292 2220 hic
1323 2172 1420 2221 vidi
1446 2172 1536 2234 post
1569 2172 1778 2220 videntem
1806 2188 1883 2219 me.
1954 2172 2207 2234 Proptaerea
2230 2187 2361 2228 voca-

354 2240 429 2286 vit
439 2238 624 2301 fontem,
647 2238 753 2299 fons
775 2239 889 2301 Visvo
911 2239 1078 2286 videnti
1097 2254 1191 2292 me;
1226 2254 1314 2286 ecce
1337 2241 1451 2285 inter
1472 2238 1662 2301 Kadesch
1696 2238 1751 2287 &
1774 2240 1888 2286 inter
1908 2239 2065 2286 Bared.
2137 2238 2201 2285 Et
2224 2253 2360 2284 voca·

355 2306 426 2352 vit
448 2318 620 2352 nornen
642 2303 836 2364 Jehovae
874 2303 1101 2368 loquentis
1132 2302 1191 2351 ad
1229 2303 1287 2362 se,
1323 2303 1547 2368 fignificat
1570 2304 1734 2351 statum
1758 2305 1988 2352 Interioris
2011 2304 2235 2352 Hominis
2259 2304 2359 2351 Do·

356 2370 489 2428 mini,
525 2385 635 2418 cum
674 2369 751 2417 illa
789 2370 1040 2434 cogitavit:
1079 2371 1158 2419 Tu
1181 2371 1312 2419 Deus
1348 2371 1508 2418 videns
1549 2387 1642 2428 me,
1679 2370 1901 2435 fignificat
1942 2371 2204 2418 influxum:
2254 2372 2368 2432 quia

355 2436 492 2494 dixit,
527 2452 642 2484 num
665 2437 802 2484 etiam
825 2436 899 2484 hic
921 2437 1020 2484 vidi
1045 2436 1146 2503 post
1170 2436 1403 2485 videntem
1429 2453 1521 2494 me,
1547 2436 1769 2501 fignificat
1792 2438 2016 2484 influxum
2043 2439 2090 2485 in
2108 2437 2360 2484 Exterioris

355 2501 554 2551 hominis
592 2503 736 2551 vitam
775 2501 938 2566 absque
975 2503 1177 2552 rationali
1218 2505 1402 2552 medio:
1438 2516 1675 2568 propterea
1697 2505 1884 2552 vocavit
1907 2502 2100 2561 fontem,
2138 2502 2360 2567 fignificat

353 2566 521 2617 statum
559 2569 657 2617 veri
698 2569 835 2617 inde:
872 2567 976 2618 fons
997 2571 1125 2618 Vivo
1163 2570 1338 2619 videnti
1380 2586 1473 2628 me,
1511 2570 1734 2635 significat
1756 2586 1921 2618 verum
1946 2571 2009 2619 ita
2030 2568 2357 2633 conspicuum:

355 2649 461 2682 ecce
483 2635 598 2682 inter
618 2634 824 2682 Kadesch
847 2635 896 2683 δι
920 2637 1082 2693 Bared,
1118 2635 1339 2700 fignificat
1361 2637 1640 2700 qualitatem.
2046 2696 2049 2700 .

431 2714 571 2764 ¹953·
606 2700 672 2747 Et
694 2702 877 2748 vocavit
901 2717 1070 2750 nomen
1090 2702 1284 2763 Jehovae
1316 2703 1543 2766 loquentis
1575 2702 1633 2750 ad
1670 2701 1728 2759 se,
1764 2703 1893 2766 quod
1933 2701 2155 2766 significet
2190 2701 2357 2750 statum

355 2766 585 2815 Interioris
606 2766 831 2814 Hominis
854 2767 1065 2824 Domini,
1101 2783 1211 2815 cum
1235 2768 1312 2815 illa
1331 2769 1567 2831 cogitaret,
1603 2767 1774 2816 constat
1811 2784 1868 2815 ex
1907 2768 1994 2816 illis
2033 2785 2139 2833 quae
2181 2782 2356 2817 antece·

355 2832 491 2890 dunt,
526 2833 576 2881 &
600 2847 707 2896 quae
730 2831 991 2896 sequuntur,
1027 2845 1129 2882 tum
1152 2850 1179 2881 a
1201 2833 1528 2898 significatione
1550 2834 1786 2891 Nominis,
1821 2835 1950 2899 quod
1973 2835 2028 2882 sit
2052 2835 2170 2884 noffe
2209 2836 2356 2899 qualis

355 2898 453 2956 est;
477 2899 534 2947 de
556 2915 647 2963 qua
670 2898 794 2964 prius
818 2915 848 2947 n
870 2917 882 2947 ε
926 2916 1031 2962 144.
1067 2917 1171 2964 145·
1203 2917 1328 2966 1754
1348 2919 1358 2949 ε
1396 2899 1662 2949 describitur
1685 2901 1758 2949 hic
1781 2899 1935 2958 statuS,
1971 2902 2118 2966 qualis
2139 2901 2243 2959 fuit,
2281 2901 2355 2950 seu

355 2966 404 3014 in
425 2981 521 3030 quo
544 2963 633 3014 fuit
652 2965 905 3023 Dominu3‚
941 2982 1052 3015 cum
1085 2969 1148 3015 ita
1188 2968 1410 3031 cogitavit
1446 2967 1503 3015 de
1527 2967 1756 3017 Rationali
1776 2989 1791 3024 ·‚
1829 2969 2063 3016 Rationale
2088 2985 2178 3017 non
2203 2969 2355 3032 potuit

354 3030 443 3080 hoc
489 3032 707 3096 cogitare,
756 3030 831 3080 sed
867 3033 1058 3082 Interior
1097 3034 1167 3082 seu
1210 3034 1424 3099 Superior
1462 3035 1648 3092 Homo,
1699 3035 1756 3082 de
1796 3051 1894 3098 quo
1931 3037 2055 3099 prius
2093 3052 2153 3083 n:
2195 3036 2352 3099 1926;

356 3096 576 3163 nusquam
601 3099 726 3147 enim
814 3097 897 3147 test
920 3100 1155 3149 Rationale
1187 3102 1386 3165 cogitare
1426 3101 1484 3150 de
1525 3100 1583 3158 se,
1618 3101 1749 3166 quale
1785 3101 1864 3160 est,
1901 3118 2005 3150 nam
2046 3102 2183 3149 semet
2215 3116 2354 3147 nemo

356 3163 503 3228 potest
526 3165 707 3223 intueri,
759 3166 816 3213 ed
840 3166 923 3215 erit
946 3168 1132 3216 interius
1156 3166 1228 3216 seu
1252 3167 1468 3233 superiuS,
1503 3169 1631 3232 quod
1673 3168 1731 3216 de
1771 3167 1848 3216 illo
1885 3171 2073 3233 cogitat,
2109 3169 2215 3231 quia
2239 3165 2354 3212 illud

358 3231 522 3280 intueri
543 3230 725 3295 potest·,
759 3229 874 3282 ficut
894 3249 982 3301 pro
1014 3234 1245 3300 exemplo,
1282 3236 1424 3285 Auris
1465 3251 1557 3284 non
1595 3235 1742 3301 potest
1778 3234 1902 3293 scire,
1938 3237 2089 3284 minus
2106 3233 2354 3346 lpercilpere

1354 3301 1399 3350 E
1435 3317 1462 3350 2
2124 3313 2239 3360 oque
2259 3313 2352 3357 am,
