2826 3736
483 277 563 321 ιο
1016 241 2000 312 GENESIS.

475 376 808 433 Abrahamum,
843 374 1092 424 Rationalis
1138 389 1218 438 per
1256 371 1449 430 Isaeum,
1494 373 1544 421 δε
1584 372 1816 420 Naturalis
1851 387 1934 436 per
1973 372 2231 434 Jacobum:
2268 377 2479 430 Internus

475 446 644 493 Homo
683 442 807 507 apud
844 443 1106 490 Dominum
1147 439 1236 487 fuit
1275 438 1373 504 Ipse
1403 439 1630 501 jehovah,
1667 455 1773 486 nam
1814 451 2062 503 conceptus
2101 441 2165 492 est
2204 443 2479 505 aJehovah,

473 527 611 574 quare
633 509 789 574 Ipsum
813 510 995 556 Patrem
1032 506 1168 555 suum
1207 508 1342 554 toties
1384 508 1657 562 nominavit,
1692 506 1743 554 &
1769 506 1816 554 in
1840 506 1998 557 Verbo
2019 506 2168 562 difflls
2191 510 2479 574 Unigenitus

473 578 581 634 Dei,
616 578 665 624 δε
690 575 805 622 solus
828 575 970 622 Filius
992 575 1096 621 Dei.
1169 573 1420 619 Rationalis
1462 572 1613 629 homo>
1644 586 1738 631 non
1779 572 2078 632 connascitur,
2115 574 2197 623 sed·
2227 575 2377 634 solum
2410 578 2477 635 fa:-

476 644 638 699 cultaS,
673 655 724 688 ut
746 641 889 688 homo
912 641 1007 687 fieri
1040 639 1173 703 possit
1208 638 1452 695 rationalis,
1489 652 1541 686 ut
1564 641 1730 702 cuique
1754 638 1953 686 constare
1977 639 2126 703 potest
2157 656 2214 689 ex
2237 658 2308 699 eo,
2345 646 2477 708 quod

477 707 668 756 infantes
691 723 840 754 recens
863 708 953 753 nati
978 705 1098 752 nulla
1120 705 1291 753 ratione
1314 703 1401 751 sint
1429 705 1631 768 praediti,
1667 704 1744 752 sed
1780 706 1909 769 quod
1950 706 2187 755 rationales
2225 708 2338 755 fiant
2377 709 2475 759 suc-

478 775 595 822 ceffu
619 774 836 836 temporis
860 773 1021 819 mediis
1039 769 1305 819 sensualibus
1327 771 1522 818 externis
1538 771 1589 817 &
1614 772 1818 828 internis,
1851 771 1965 819 sicut
1988 772 2261 821 imbuuntur
2283 774 2475 826 scientiis

478 842 527 887 &
551 839 917 903 cognitionibus:
954 838 1076 902 apud
1105 852 1269 900 pueros
1304 836 1495 902 quidem
1535 848 1719 900 apparet
1742 837 1996 894 Rationale,
2032 837 2109 887 sed
2131 837 2271 904 usque
2295 857 2387 889 non
2411 843 2476 891 est

477 906 701 961 rationale,
737 905 885 952 solum
958 903 1159 952 uoddam
1199 901 1294 966 ejus
1333 903 1691 958 initiamentum,
1741 902 1871 966 quod
1911 901 2108 951 noscitur
2152 921 2211 962 ex
2250 923 2306 956 eo
2344 910 2474 971 quod

476 973 615 1020 Ratio
652 972 706 1019 iit
744 971 864 1035 apud
900 970 1078 1025 auitos
1117 971 1166 1018 δε
1206 967 1341 1016 senes.
1410 969 1486 1016 De
1509 968 1738 1016 Rationali
1769 968 1956 1016 homine
1980 970 2104 1032 apud
2126 971 2388 1023 Dominum
2425 976 2473 1023 in

476 1037 562 1085 hoc
587 1039 746 1102 Capite
770 1038 918 1100 agitur
938 1058 952 1093 3
985 1035 1133 1100 ipsum
1157 1034 1396 1084 Rationale
1415 1036 1646 1082 Divinum
1686 1033 2041 1098 repraesentatur'
2065 1051 2147 1099 per
2169 1036 2361 1095 Isaeum,
2397 1038 2474 1088 sed

474 1105 710 1152 Rationale
733 1105 954 1166 primum,
989 1115 1235 1166 antequam
1270 1100 1445 1150 fastum
1483 1101 1547 1149 est
1569 1101 1818 1158 Divinum,
1852 1116 1934 1164 per
1954 1100 2207 1160 Ismae'lem,
2240 1107 2377 1167 quare
2398 1106 2474 1156 hic

475 1186 556 1233 per
593 1170 718 1234 quod
751 1170 871 1217 Sarai
907 1185 1023 1217 uxor
1045 1168 1243 1217 Abrami
1279 1183 1372 1216 non
1410 1168 1586 1232 peperit
1619 1169 1678 1225 ei,
1713 1167 1995 1232 significatur
2025 1168 2155 1232 quod
2171 1168 2348 1228 adhue,
2379 1187 2474 1225 non

475 1236 713 1284 Rationale
736 1237 997 1283 Divinum:
1049 1236 1297 1292 Dominus,
1341 1233 1455 1282 sicut
1492 1235 1618 1298 prius
1654 1233 1852 1292 dietum,
1899 1245 2032 1282 natus
2073 1232 2164 1283 fuit
2200 1234 2316 1302 ficut
2360 1239 2475 1289 alius

474 1301 633 1359 homo,
666 1304 715 1350 δε
740 1302 891 1366 quoad
914 1303 990 1349 illa
1012 1317 1118 1366 quae
1141 1302 1278 1348 traxit
1301 1316 1326 1348 a
1349 1301 1498 1348 Maria
1521 1311 1663 1347 matre
1685 1297 1775 1347 fuit
1797 1297 1910 1347 ficut
1945 1300 2057 1349 alius
2090 1300 2251 1359 homo,
2287 1303 2339 1352 δε
2361 1307 2474 1371 quia

473 1368 712 1415 Rationale
734 1366 959 1416 formatur
980 1385 1060 1432 per
1073 1367 1314 1418 scientifica
1337 1367 1386 1414 ὅτ
1411 1368 1713 1430 cognitiones,
1736 1381 1844 1430 quae
1866 1381 1948 1429 per
1960 1363 2172 1423 sensualia
2189 1370 2470 1432 externa-fleu

471 1435 646 1481 externi
685 1433 882 1482 hominis
919 1435 1102 1491 intrant,
1139 1434 1244 1482 inde
1268 1433 1506 1481 Rationale
1528 1433 1672 1495 Ipsius
1704 1435 1914 1496 primum
1940 1433 2098 1480 natum
2122 1432 2187 1483 est
2209 1434 2324 1483 ficut
2345 1438 2472 1502 apud

471 1500 612 1547 alium
638 1497 890 1557 hominem,
925 1498 1000 1547 sed
1022 1501 1129 1564 quia
1160 1501 1316 1547 omnia
1376 1515 1450 1547 uae
1482 1499 1682 1547 humana
1702 1508 1826 1546 erant
1849 1498 1973 1562 apud
1996 1497 2039 1546 se
2060 1502 2245 1564 propria
2265 1505 2472 1566 potentia

470 1563 635 1613 faceret
655 1567 845 1623 Divina,
881 1566 941 1614 ita
962 1582 1148 1630 quoque
1170 1514 1409 1619 Rationale,
1428 1584 1439 1614 ε
1476 1565 1715 1614 Rationale
1736 1564 1885 1629 Ipfius
1903 1565 2111 1628 primum
2132 1565 2399 1617 describitur
2418 1570 2467 1619 in

469 1631 556 1679 hoc
582 1632 758 1696 Capite,
794 1643 896 1679 tum
935 1649 1121 1696 quoque
1160 1633 1206 1680 in
1241 1634 1354 1696 Cap.
1381 1646 1483 1690 xxi,
1520 1632 1600 1679 ubi
1638 1633 1774 1680 etiam
1814 1632 1872 1678 de
1900 1632 2091 1695 Hagare
2129 1632 2181 1680 &
2218 1632 2403 1684 Ismaele
2439 1651 2468 1684 a

468 1697 580 1745 vers.
602 1716 632 1759 4
655 1699 712 1747 ad
732 1716 757 1748 2
770 1717 788 1748 1
817 1699 982 1761 agitur,
1019 1699 1146 1764 quod
1183 1714 1350 1762 nempe
1384 1698 1458 1747 hic
1490 1698 1701 1763 expulsus
1723 1698 1795 1756 fit,
1828 1714 1941 1748 cum
1962 1698 2163 1748 adolevit
2181 1699 2345 1760 Isacus,
2382 1717 2466 1767 per

469 1780 608 1827 quem
633 1764 971 1828 repraesentatur
993 1765 1233 1813 Rationale
1255 1765 1498 1813 Divinum.

541 1835 681 1894 1894.
719 1831 865 1894 Qod
883 1832 1003 1880 Sarai
1025 1832 1079 1880 fit
1102 1847 1264 1880 verum
1289 1829 1556 1895 adjunfitum
1573 1831 1714 1889 bono,
1732 1831 1911 1881 dietum
1933 1830 1984 1880 &
2006 1830 2232 1881 ostensum
2255 1831 2465 1897 est3prius

469 1912 500 1943 n
520 1913 530 1942 :
563 1898 682 1955 1468
709 1897 759 1944 &
783 1896 890 1944 alibi
909 1920 923 1953 ;
959 1901 1126 1961 pariter
1161 1898 1290 1962 quod
1314 1898 1490 1946 Abram
1532 1898 1586 1948 fit
1609 1900 1817 1948 Internus
1840 1897 2010 1947 Homo
2031 1898 2246 1956 Domini,
2279 1901 2360 1963 qui
2378 1900 2462 1963 je.

466 1961 629 2010 hovah.
700 1963 846 2022 Quod
869 1965 1075 2013 Internus
1097 1966 1267 2013 Homo
1289 1965 1500 2022 Domini,
1534 1966 1615 2028 qui
1638 1964 1864 2026 Jehovah,
1899 1962 2078 2024 dicatur
2115 1964 2305 2023 Home,
2336 1965 2465 2016 causa

467 2027 548 2085 est,
584 2029 710 2091 quod
743 2045 880 2077 nemo
901 2030 954 2077 fit
976 2031 1135 2088 homo,
1170 2047 1310 2095 quam
1343 2029 1458 2078 solus
1484 2030 1707 2092 Jehovah,
1744 2046 1850 2078 nam
1874 2030 2044 2089 Homo
2064 2029 2288 2094 fignificat
2307 2032 2355 2079 in
2379 2030 2462 2083 suo

468 2096 668 2157 genuino
706 2093 830 2142 sensu
870 2095 981 2143 illud
1013 2097 1116 2144 Effe
1150 2115 1207 2144 ex
1245 2113 1341 2159 quo
1374 2098 1577 2153 Homo·,
1613 2097 1763 2160 ipsum
1798 2096 1919 2154 Effie,
1953 2111 2010 2144 ex
2045 2112 2142 2159 quo
2176 2096 2363 2155 Home,
2398 2098 2464 2147 est

465 2161 709 2218 Divinum,
743 2161 932 2224 proinde
956 2162 1152 2209 Coeleste
1184 2164 1234 2209 ὅτ
1266 2162 1508 2224 spirituale,
1543 2163 1706 2225 absque
1726 2164 1904 2211 Divino
1925 2162 2115 2210 Coelesti
2153 2164 2204 2212 ὅτ
2227 2164 2458 2228 Spirituali

467 2226 578 2273 nihil
616 2226 680 2274 est
717 2227 972 2274 humanum
1010 2228 1133 2291 apud
1170 2228 1422 2284 hominem,
1458 2227 1534 2275 sed
1571 2227 1636 2274 est
1670 2228 1862 2275 animale
1893 2227 2148 2291 quoddam,
2183 2230 2318 2293 quale
2335 2232 2461 2294 apud

467 2291 625 2340 bestias
645 2313 656 2341 ε
692 2309 748 2340 ex
772 2293 965 2352 Jehovae
989 2294 1062 2341 seu
1084 2295 1277 2342 Domini
1301 2294 1403 2344 Effe
1424 2294 1558 2341 habet
1580 2294 1730 2341 omnis
1753 2293 1897 2340 homo
1920 2293 2048 2356 quod
2074 2294 2127 2341 fit
2159 2295 2318 2353 homo,
2354 2298 2462 2346 inde

466 2359 601 2406 etiam
641 2360 890 2423 appellatur
928 2360 1104 2417 homo·,
1140 2360 1355 2417 Coeleste,
1390 2361 1518 2426 quod
1547 2361 1785 2408 hominem
1815 2357 1940 2416 facit,
1975 2359 2040 2406 est
2061 2372 2115 2407 ut
2147 2374 2268 2409 amet
2290 2363 2459 2410 Domi—

466 2440 597 2481 num,
632 2421 682 2472 Sc
719 2438 840 2473 amet
863 2428 1155 2490 proximum,
1191 2427 1252 2474 fic
1285 2426 1349 2474 est
1381 2427 1540 2484 hom0,
1576 2428 1684 2491 quia
1714 2427 1870 2489 imago
1891 2426 2104 2483 Domini,
2139 2427 2188 2474 δε
2212 2429 2320 2491 quia
2341 2428 2459 2478 illud

464 2491 597 2538 habet
627 2508 654 2538 a
674 2492 881 2540 Domino
892 2514 915 2548 ·;
951 2493 1038 2540 alio
1072 2495 1152 2541 uin
1190 2492 1254 2540 est
1293 2491 1413 2541 fera:
1448 2492 1576 2558 quod
1615 2492 1824 2554 jehovah
1861 2490 1934 2538 seu
1973 2492 2206 2541 Dominus
2243 2493 2300 2542 fit
2337 2493 2457 2544 solus

466 2557 648 2613 Homo,
686 2559 734 2606 δε
767 2559 894 2622 quod
915 2558 971 2606 ab
994 2510 1097 2623 Ipso
1129 2559 1316 2607 habeant
1340 2559 1544 2620 homines
1566 2559 1693 2623 quod
1717 2558 1924 2606 dicantur
1945 2557 2168 2616 homines,
2203 2571 2306 2608 tum
2329 2562 2458 2624 quod

465 2639 583 2671 unus
620 2624 674 2671 fit
708 2626 853 2689 magis
888 2625 1032 2673 homo
1069 2642 1207 2690 quam
1245 2626 1372 2684 alter,
1406 2626 1615 2674 videatur
1637 2642 1698 2673 n:
1724 2643 1804 2690 49.
1832 2628 1939 2674 288.
1959 2641 2074 2690 477.
2095 2628 2226 2689 5653
2262 2628 2312 2675 &
2335 2643 2457 2693 praej-

462 2701 579 2736 terea
601 2690 799 2737 constare
823 2691 970 2755 potest
994 2708 1051 2739 ex
1074 2708 1145 2749 eo,
1172 2693 1299 2755 quod
1317 2693 1540 2755 Jehovah,
1565 2691 1640 2739 seu
1653 2692 1886 2740 Dominus
1909 2695 2168 2756 apparuerit
2183 2694 2457 2756 Antiquiffi-

465 2770 556 2802 mae
581 2755 796 2804 Ecclefiae
825 2757 1023 2820 patribus
1057 2771 1109 2806 ut
1130 2760 1313 2815 Homo,
1349 2757 1501 2823 postea
1538 2759 1674 2806 etiam
1698 2757 1980 2815 AbrahamO,
2014 2770 2072 2816 ut,
2104 2759 2154 2805 &
2178 2759 2422 2822 Prophetis
2435 2781 2453 2816 ς

463 2826 599 2884 quare
630 2824 766 2869 etiam
797 2823 1011 2887 dignatus
1042 2824 1106 2871 est
1132 2826 1376 2882 Dominus,
1410 2825 1654 2889 postquam
1685 2823 1836 2872 nullus
1869 2824 2063 2886 amplius
2083 2822 2227 2881 homo
2247 2825 2297 2871 in
2318 2835 2451 2882 terra,

462 2886 537 2935 seu
562 2887 672 2934 nihil
702 2888 880 2937 coeleste
901 2891 952 2937 &
975 2889 1196 2953 spirituale
1220 2891 1414 2955 amplius
1438 2892 1561 2956 apud
1594 2892 1846 2944 hominem,
1881 2889 2096 2936 affiimere
2128 2901 2332 2937 naturam
2367 2891 2453 2938 hu-

462 2970 644 3001 manam
684 2971 765 3018 per
802 2955 849 3001 id
889 2955 1018 3018 quod
1056 2969 1187 3004 natus
1217 2956 1339 3005 'ficut
1372 2959 1485 3005 alius
1517 2956 1675 3013 homo,
1710 2956 1760 3003 &
1794 2954 1918 3002 illam
1953 2953 2097 3002 facere
2118 2956 2355 3015 Divinam,
2391 2957 2452 3006 sic

460 3019 596 3068 etiam
619 3018 736 3067 solus
760 3022 955 3071 Homo:
993 3035 1206 3086 praeterea
1231 3024 1489 3071 universum
1513 3022 1706 3070 Coelum
1746 3019 1879 3069 refert
1914 3037 2068 3069 coram
2092 3022 2300 3070 Domino
2338 3026 2452 3072 ima·

460 3089 617 3151 ginem
641 3087 852 3145 hominis,
889 3089 994 3152 quia
1015 3088 1186 3152 Ipsum,
1223 3090 1328 3137 inde
1351 3090 1545 3137 Coelum
1563 3089 1803 3136 Maximus
1826 3088 1996 3157 Homo
2015 3088 2280 3160 appellatur,
2317 3106 2374 3138 ex
2396 3105 2454 3139 eo

459 3153 703 3216 imprimis,
739 3154 844 3217 quia
865 3155 1095 3202 Dominus
1120 3155 1181 3201 ibi
1211 3155 1275 3202 est
1307 3171 1444 3204 omne
1479 3157 1526 3203 in
1558 3154 1785 3202 omnibus.

533 3222 671 3283 1895.
723 3219 788 3268 Et
826 3222 865 3268 ei
911 3221 1069 3269 ancilla
1092 3223 1333 3287 AEgyptia,
1385 3221 1511 3286 quod
1555 3221 1777 3286 significet
1820 3219 2104 3270 affeffionem
2150 3221 2452 3336 scientiarugi,

2282 3302 2367 3338 con
2409 3301 2452 3337 at
