2826 3736
626 272 1006 354 CAPUT
1055 287 1598 352 DECIMUM
1643 288 2094 353 SEXTUM.
2284 313 2365 374 13

361 428 527 479 imbuti
565 425 683 483 sunt,
720 438 765 473 at
801 442 899 489 quo
939 424 1100 472 melius
1132 423 1182 470 &
1215 419 1475 486 persecutis,
1511 433 1564 469 ut
1603 422 1798 479 dietum,
1836 421 2109 471 imbuuntur
2140 426 2364 487 cognitio-

359 496 510 552 nibus,
546 510 602 542 eo
635 492 796 540 melius
834 493 884 540 δε
918 489 1159 556 perfectius
1196 487 1344 553 potest
1366 489 1544 535 Verum
1578 488 1893 546 intellectuale,
1930 490 2057 553 quod
2099 491 2221 553 apud
2261 492 2361 538 inti-

360 579 494 611 mum
517 560 580 607 est
614 558 685 607 seu
706 559 829 624 apud
854 558 1046 612 bonum,
1083 556 1446 603 communicari:
1483 553 1571 603 hoc
1595 556 1771 603 Verum
1812 556 2108 603 intellectuale
2145 572 2225 620 per
2248 552 2365 618 Sarni

357 627 725 693 repraesentatum
749 625 812 672 est
836 623 986 688 ipsum
1011 621 1265 686 Spirituale,
1302 621 1431 684 quod
1461 637 1542 684 per
1563 621 1754 670 Coelum
1780 623 1945 677 influit,
1981 624 2032 671 ὅτ
2056 623 2115 669 fic
2138 638 2220 686 per
2242 623 2366 670 viam

360 696 598 751 internam,
637 694 685 740 δε
728 691 814 739 hoc
853 690 975 754 apud
1012 688 1371 751 unumquemvis
1411 687 1666 745 hominem,
1715 690 1765 736 δε
1797 687 1973 753 jugiter
2011 689 2198 737 obviam
2239 690 2367 735 venit

361 758 717 825 cognitionibus,
768 773 875 820 quae
921 755 1199 803 insinuantur
1238 770 1320 818 per
1362 753 1584 810 sensualia,
1637 756 1687 803 δε
1733 755 2058 819 implantantur
2107 756 2363 811 memoriae,

361 828 491 892 quod
514 826 657 873 homo
681 822 833 880 nescit,
869 824 976 886 quia
999 823 1156 886 purius
1188 821 1267 878 est,
1303 837 1443 884 quam
1465 833 1517 868 ut
1541 822 1778 882 communi
1800 821 1899 868 idea
1919 825 2052 885 possit
2072 823 2244 886 percipi
2263 844 2276 876 3
2302 821 2366 868 est

361 894 476 941 ficut
497 893 609 940 Lux
640 890 855 954 quaedam
889 905 996 952 quae
1030 887 1274 944 illuminat,
1311 889 1361 934 &
1402 887 1478 934 dat
1516 885 1777 935 facultatem
1818 887 2004 945 sciendi,
2048 888 2280 952 cogitandi
2314 888 2364 935 &

363 958 662 1022 intelligendi.
734 955 989 1011 Rationale,
1043 956 1150 1018 quia
1189 964 1282 1001 non
1321 953 1504 1000 existere
1541 953 1689 1017 potest
1727 954 1808 1001 nisi
1847 956 1983 1001 etiam
2022 971 2102 1019 per
2140 954 2368 1001 influxum

363 1027 475 1075 Veri
498 1022 806 1072 intellectualis
837 1037 919 1086 per
941 1022 1060 1068 Sarai
1098 1017 1417 1084 repraesentati,
1453 1035 1547 1066 non
1586 1019 1711 1066 aliter
1750 1022 1792 1067 se
1827 1020 1961 1068 habet
2000 1037 2051 1068 ac
2091 1020 2211 1068 filius
2250 1019 2365 1082 ejus,

362 1092 547 1157 quando
570 1089 805 1138 Rationale
834 1087 1058 1134 formatur
1099 1102 1157 1132 ex
1180 1085 1297 1131 veris
1321 1100 1428 1148 quae
1451 1083 1662 1147 adjunaeta
1695 1085 1796 1133 sunt
1819 1086 1966 1144 bonis,
2001 1088 2051 1134 ὅτ
2085 1088 2233 1150 magis
2257 1102 2368 1133 cum

364 1175 423 1206 ex
449 1159 578 1206 bonis
601 1173 626 1203 a
648 1155 815 1218 quibus
837 1168 959 1209 vera,
996 1165 1106 1199 tunc
1130 1151 1194 1199 est
1216 1151 1337 1197 filius
1360 1152 1616 1214 genuinus‚-
1639 1164 1767 1199 antea
1799 1169 1983 1217 quoque
2023 1152 2280 1216 agnoscitur
2316 1164 2369 1199 ut

364 1225 500 1281 filius,
536 1235 582 1270 at
606 1238 698 1269 non
722 1233 774 1267 ut
794 1220 1038 1284 genuinus,
1073 1218 1146 1266 sed
1171 1234 1227 1265 ex
1250 1217 1426 1274 ancilla,
1462 1217 1602 1282 usque
1625 1231 1777 1266 tamen
1801 1219 2058 1284 adoptatur,
2094 1235 2202 1283 quae
2242 1218 2369 1266 causa

364 1290 443 1348 est,
479 1288 606 1353 quod
630 1287 703 1335 hic
727 1287 919 1342 dicatur,
954 1285 1083 1349 quod
1107 1284 1405 1333 aedificaretur
1441 1283 1498 1331 ab
1534 1286 1621 1331 east
1731 1305 1734 1308 ·

441 1373 578 1422 1902.
614 1354 679 1401 Et
718 1352 982 1400 auscultavit
1006 1351 1187 1399 Abram
1223 1351 1330 1398 voci
1365 1350 1500 1407 Sarai,
1549 1351 1676 1415 quod
1709 1350 1933 1415 significet
1973 1367 2066 1399 non
2106 1351 2232 1400 aliter
2273 1351 2368 1398 fieri

367 1421 576 1487 potuisse,
625 1419 824 1468 constare
863 1417 1010 1482 potest
1050 1434 1075 1465 a
1109 1417 1213 1464 serie
1252 1424 1406 1464 rerum
1447 1418 1494 1463 in
1527 1416 1650 1464 sensu
1690 1419 1885 1475 interno,
1939 1419 1988 1464 &
2028 1434 2087 1465 ex
2121 1419 2370 1465 necestitate

365 1488 493 1553 quod
516 1486 752 1535 Rationale
783 1485 906 1550 apud
940 1484 1176 1532 hominem
1202 1499 1294 1531 non
1318 1483 1444 1530 aliter
1477 1483 1591 1531 nasci
1615 1487 1762 1547 poffit.
1834 1485 1882 1531 Si
1911 1483 2055 1531 horno
2079 1484 2206 1531 nullo
2227 1484 2370 1531 haere-

366 1556 529 1603 ditatio
553 1553 681 1613 malo*
709 1551 913 1600 imbutus
944 1551 1065 1608 esset,
1100 1563 1212 1598 tunc
1251 1549 1502 1597 nasceretur
1524 1550 1761 1598 Rationale
1783 1550 2047 1597 immediate
2071 1547 2372 1613 exconjugio

366 1619 621 1669 coelestium
644 1619 823 1668 Interni'
836 1618 1036 1667 hominis
1069 1633 1180 1676 cum
1201 1615 1500 1680 spiritualibus
1524 1614 1637 1680 ejus,
1671 1617 1721 1664 &
1758 1633 1840 1680 per
1861 1617 2098 1664 Rationale
2123 1615 2372 1663 nasceretur

367 1687 698 1744 Scientificum,
733 1685 793 1733 fic
816 1697 869 1733 ut
892 1683 1036 1732 homo
1057 1699 1196 1731 omne
1219 1682 1458 1730 Rationale
1489 1682 1538 1730 δε
1572 1699 1710 1730 omne
1733 1682 2063 1740 Scientificum,
2100 1682 2223 1730 illico
2255 1682 2371 1729 dum

368 1750 495 1802 x'renit
517 1755 565 1803 in
588 1752 837 1809 mundum,
874 1749 1025 1798 secum
1063 1749 1280 1807 haberet3
1316 1750 1403 1798 hoc
1442 1750 1568 1797 enim
1606 1747 1722 1797 foret
1762 1749 2011 1798 secundum
2051 1750 2259 1797 ordinem
2302 1749 2372 1795 in-

369 1821 554 1876 fluxus;
604 1818 731 1883 quod
771 1816 985 1866 concludi
1021 1816 1168 1881 potest
1206 1832 1265 1864 ex
1303 1832 1390 1872 eo,
1438 1816 1565 1879 quod
1598 1817 1755 1864 omnia
1789 1815 2029 1872 animalia,
2081 1830 2371 1879 quaecunque

370 1887 487 1942 sunt,
523 1885 753 1933 nascantur
777 1886 823 1931 in
855 1899 992 1931 omne
1014 1881 1330 1939 scientificum,
1366 1883 1495 1946 quod
1528 1882 1615 1929 illis
1648 1883 1706 1929 ad
1739 1883 1915 1930 vietum
1949 1898 2126 1937 eorum,
2163 1880 2376 1936 tutelam,

369 1952 712 2008 habitationem,
747 1950 798 1998 &
829 1950 1203 2014 procreationem,
1239 1949 1528 1996 necessarium
1555 1949 1617 1995 est
1641 1950 1690 1996 &
1716 1949 1949 2004 conducit,
1985 1949 2092 2011 quia
2107 1959 2268 1994 eorum
2291 1962 2369 1992 na-

338 2071 345 2074 ,
369 2031 471 2066 tura
490 2016 553 2065 est
577 2016 826 2065 secundum
850 2015 1058 2064 ordinem
1079 2038 1094 2071 ·,
1128 2014 1240 2080 quid
1265 2031 1357 2062 non
1382 2014 1541 2071 homo,
1574 2014 1654 2061 nifi
1695 2015 1816 2078 apud
1854 2030 1960 2061 eum
1996 2013 2112 2061 ordo
2149 2011 2266 2060 foret
2290 2012 2370 2058 de-

334 2125 337 2128 <
367 2084 576 2142 structus,
613 2099 719 2131 nam
752 2081 870 2130 solus
909 2084 954 2130 in
996 2081 1169 2131 nullam
1199 2080 1426 2129 scientiam
1451 2080 1674 2128 nascitur:
1711 2081 1837 2144 quod
1862 2079 1968 2127 facit
1992 2091 2044 2126 ut
2068 2082 2129 2126 ita
2152 2078 2371 2135 nascatur,

368 2150 432 2198 est
457 2150 631 2198 malurn
655 2149 988 2197 haereditarium
1011 2165 1036 2195 a
1060 2160 1184 2212 patre
1208 2149 1256 2194 &
1284 2159 1441 2203 matre,
1478 2147 1583 2194 inde
1623 2163 1782 2194 omnes
1816 2144 1911 2208 ejus
1946 2145 2176 2193 facultates
2201 2145 2301 2192 sunt
2325 2146 2371 2192 in

370 2217 594 2264 contrario
616 2214 746 2262 versu
769 2214 1012 2278 respec'tive
1045 2214 1103 2260 ad
1137 2229 1242 2259 vera
1282 2214 1332 2259 δι’
1366 2212 1499 2269 bona,
1535 2228 1640 2276 quae
1681 2213 1726 2258 in
1769 2211 1937 2259 formas
1977 2211 2370 2275 correspondentes

368 2283 516 2347 redigi
537 2293 766 2344 nequeunt
823 2297 872 2328 er
893 2280 1118 2327 influxum
1157 2278 1477 2326 immediatum
1518 2277 1773 2326 coelestium
1809 2280 1858 2326 ὅτ
1897 2278 2194 2343 spiritualium
2221 2295 2246 2325 a
2268 2279 2369 2324 Do-

370 2350 526 2404 mino,
561 2363 667 2412 quae
690 2298 822 2394 causa?
847 2345 930 2403 est,
963 2345 1092 2410 quod
1128 2345 1216 2392 alio
1256 2344 1434 2409 prorsus
1472 2345 1632 2401 modo,
1670 2345 1743 2391 seu
1765 2345 1847 2393 alia
1870 2347 1959 2401 via,
1995 2343 2290 2392 formandum
2318 2345 2370 2390 fit

369 2414 604 2463 Rationale
625 2413 841 2471 hominis,
877 2428 1042 2476 nempe
1080 2428 1160 2476 per
1196 2410 1436 2459 scientifica
1459 2412 1508 2459 δε
1530 2411 1814 2475 cognitiones
1838 2412 2054 2459 insinuata
2092 2427 2171 2474 per
2206 2409 2368 2465 sensus,

371 2482 434 2529 ita
469 2481 702 2529 influentia
736 2495 818 2543 per
854 2480 979 2527 viam
1017 2490 1265 2535 externam,
1301 2478 1361 2525 fic
1390 2478 1549 2525 ordine
1573 2477 1747 2525 inverso
1764 2500 1779 2534 ;
1815 2477 1958 2525 horno
1981 2478 2040 2525 fic
2063 2475 2324 2525 miraculose
2348 2493 2371 2522 a

369 2547 579 2596 Domino
609 2545 835 2595 rationalis
858 2545 945 2602 fit;
981 2545 1069 2593 hoc
1092 2543 1362 2608 intelligitur
1385 2560 1464 2608 per
1488 2544 1666 2608 ingredi
1690 2544 1746 2591 ad
1770 2544 1994 2602 ancillam,
2031 2561 2125 2608 quo
2150 2543 2371 2607 fignifica-

371 2625 447 2660 tur
476 2611 739 2677 conjunffitio
761 2613 931 2660 Interni
964 2610 1162 2659 hominis
1195 2626 1303 2658 curn
1328 2611 1584 2667 Exteriori3
1622 2611 1671 2658 ὅτ
1706 2626 1785 2674 per
1823 2611 1950 2674 quod
1977 2611 2153 2658 Abram
2197 2608 2370 2656 auscul-

371 2679 486 2727 tavit
506 2680 612 2726 voci
635 2678 772 2734 Sarai,
807 2694 903 2741 quo
934 2677 1209 2741 significatur
1244 2676 1372 2740 quod
1412 2692 1505 2724 non
1538 2677 1664 2724 aliter
1697 2677 1793 2724 fieri
1822 2677 2045 2740 potuiffet.
2118 2676 2373 2733 Dominus,

370 2746 477 2808 quia
504 2757 635 2792 natus
658 2743 771 2791 ficut
793 2743 903 2790 alius
926 2742 1087 2799 homo,
1121 2744 1170 2789 δε
1207 2759 1232 2790 a
1270 2754 1409 2788 matre
1447 2743 1780 2789 haereditarium
1804 2742 1977 2798 habuit,
2013 2742 2168 2791 fimilis
2190 2741 2260 2788 alii
2285 2741 2369 2787 ho-

373 2811 486 2859 mini
507 2812 553 2858 in
575 2810 662 2858 hoc
684 2806 788 2865 fuit,
824 2809 886 2856 ob
908 2809 1081 2856 causam
1115 2819 1167 2854 ut
1188 2823 1269 2871 per
1292 2823 1468 2871 pugnas
1492 2810 1793 2856 tentationum
1828 2811 1875 2855 δε
1899 2807 2107 2855 victorias
2145 2807 2369 2870 redigeret

372 2878 526 2924 omnia
548 2878 595 2923 in
619 2875 827 2924 ordinem
850 2898 864 2931 3
885 2871 1004 2922 ideo
1026 2875 1161 2921 etiam
1186 2874 1420 2921 Rationale
1443 2874 1586 2938 Ipfi‘us
1608 2874 1813 2922 similiter
1834 2887 2110 2938 conceptum
2133 2875 2182 2921 &
2207 2876 2365 2920 natum

373 2941 461 2990 fuit
499 2958 548 2991 ac
587 2941 707 3006 apud
738 2941 876 2989 alium
917 2941 1170 2997 hominem,
1207 2955 1314 2987 curn
1339 2939 1604 2997 differentia,
1639 2941 1768 3005 quod
1791 2941 2020 2987 Divinum
2061 2941 2134 2988 seu
2159 2939 2368 3001 jehovah

371 3007 461 3057 fuit
500 3010 547 3056 in
588 3007 804 3056 omnibus
843 3009 892 3056 ὅτ
933 3007 1119 3072 singulis
1141 3006 1285 3071 Ipsius
1325 3007 1502 3064 intime,
1537 3009 1597 3053 ita
1627 3010 1722 3054 vita
1758 3008 1923 3054 amoris
1964 3023 2069 3070 erga
2107 3004 2366 3054 universum

370 3091 514 3140 genus
537 3074 811 3131 humanum,
844 3090 930 3140 pro
958 3090 1054 3139 quo
1084 3075 1132 3121 &
1159 3070 1289 3137 cujus
1319 3072 1576 3131 salvatione,
1614 3075 1660 3122 in
1684 3073 1899 3121 omnibus
1938 3073 2024 3121 suis
2046 3070 2367 3121 tentationibus

370 3143 610 3206 pugnavit.
1607 3155 1610 3157 ’

446 3219 585 3271 1903.
620 3205 757 3254 Vers:
785 3224 828 3270 3.
864 3207 928 3254 Et
960 3207 1119 3268 accepit
1146 3207 1277 3253 Sarni
1297 3222 1403 3253 uxor
1425 3205 1608 3254 Abrami
1632 3207 1850 3269 Hagarem
1872 3208 2131 3269 AEgyptiam
2171 3200 2366 3249 ancillam

361 3272 506 3339 suam,
541 3289 568 3319 a
580 3270 670 3333 fine
691 3271 823 3321 decem
846 3288 1050 3321 annorum
1074 3272 1129 3321 ab
1153 3272 1385 3321 habitando
1402 3272 1562 3321 Abram
1585 3276 1630 3319 in
1654 3283 1773 3321 terra
1799 3274 1991 3329 Canaan,
2028 3271 2083 3320 &²
2120 3268 2251 3381 εἰειιὲἇ
2276 3283 2378 3312 ωηο-

2253 3348 2373 3379 rama
