2788 3744
411 261 503 339 46
742 206 1898 346 ‘GENESIAK

414 399 571 444 2501:
609 383 700 431 siva
721 383 841 433 dicas
863 384 1039 433 Verum
1076 381 1303 450 spirituale·
1338 385 1388 434 ἔτ
1413 386 1598 433 Bonum
1635 383 1832 442 coeleste,
1867 385 1958 436 five
1978 386 2257 447 Dominum,
2293 387 2419 440 idem
2475 387 2491 398 “’

416 449 495 508 est,
533 451 639 515 quia
660 452 892 501 Dominus
931 452 995 500 est
1033 452 1181 515 ipsum
1218 453 1396 499 Verum
1436 452 1487 498 ὅτ
1529 449 1679 514 ipsum
1718 451 1922 510 Bonum,
1972 469 2024 501 ac
2063 454 2211 518 ipsum
2243 455 2419 522 Conju-

418 518 549 580 gium
575 516 685 566 Veri
717 520 768 566 &
809 519 924 566 Boni
964 535 1015 566 ac
1056 519 1171 566 Boni
1212 519 1263 566 δε
1292 518 1417 564 Veri.
1489 516 1748 577 Quomodo
1787 516 1885 565 haec
1926 517 1967 566 se
2003 520 2184 580 habent,
2219 523 2422 574 constare

418 584 607 646 quidem
647 585 794 649 potest
832 586 886 632 ab
926 585 1250 648 explicatione,
1299 581 1375 630 sed
1412 583 1519 646 quia
1557 583 1673 630 inter
1706 581 1893 632 obscura
1932 583 2063 647 sunt,
2114 603 2224 651 quae
2267 589 2421 649 hodie,

421 650 525 698 licet
565 664 790 715 quantum
828 652 922 698 fieri
957 650 1106 715 potest
1148 651 1222 698 illa
1260 649 1504 697 illustrare:
1558 649 1614 698 de
1638 650 1862 699 Doc'trina
1896 651 2004 700 fidei
2044 653 2118 701 hic
2159 656 2332 718 agitur,
2364 657 2422 705 de

350 740 353 743 -
422 733 513 781 qua
536 719 766 779 Dominus
807 717 853 764 in
892 718 1083 781 pueritia
1116 718 1355 781 cogitavit,
1391 715 1555 765 scilicet
1586 730 1702 765 num
1734 717 1886 767 liceret
1924 720 1971 766 in
2011 719 2135 768 illam
2159 720 2322 772 intrare
2341 738 2425 789 per

423 784 666 841 rationalia,
703 786 753 832 &c
775 784 835 831 fic
872 785 953 831 fibi
993 785 1049 831 de
1090 784 1164 831 illa
1201 783 1321 831 ideas
1361 780 1588 840 formare3
1625 785 1754 848 quod
1792 785 1881 833 hoc
1919 786 2195 849 cogitatum,
2230 802 2326 837 erat
2364 805 2423 839 ex

424 867 574 898 amore
620 850 880 898 consulendi
920 852 1086 899 Generi
1127 851 1343 907 humanO,
1393 849 1522 914 quod
1565 850 1653 898 tale
1697 850 1778 908 est,
1828 863 1882 899 ut
1919 853 2046 916 quod
2090 869 2182 903 non
2222 855 2425 907 rationali
2498 880 2501 885 r

423 918 565 965 modo
597 919 735 981 capit,
771 931 863 965 non
903 918 1089 974 cred-at3
1125 917 1199 966 sed
1239 918 1442 982 percepit
1479 932 1537 965 ex
1558 917 1752 975 Divino,
1787 918 1915 981 quod
1952 919 2040 967 hoc
2079 937 2174 968 non
2210 921 2309 969 fren‘
2345 924 2422 974 de*

425 985 561 1041 beret,
597 1001 734 1048 quare
774 1001 831 1032 ex
854 986 1028 1032 Divino
1067 983 1193 1032 illam
1231 984 1312 1032 fibi
1351 984 1583 1041 revelavit,
1617 984 1668 1035 &
1708 997 1819 1032 tunc
1866 985 1970 1033 inde
2006 986 2143 1034 etiam
2188 987 2343 1036 omnia
2378 991 2427 1039 in

426 1050 646 1108 universo,
683 1066 788 1115 quae
828 1050 1022 1115 subjeeta
1060 1052 1178 1110 sunt,
1216 1067 1379 1115 nempe
1412 1066 1520 1115 quae
1559 1050 1862 1109 ration-alium,
1898 1053 1948 1099 &
1981 1065 2089 1116 quae
2135 1054 2424 1105 naturalium.

425 1118 685 1180 Qomodo
719 1118 760 1165 se
797 1118 928 1166 habet
963 1135 1071 1166 cum
1095 1118 1432 1182 ‚doetrinalibus
1470 1117 1577 1165 fidei
1613 1118 1735 1182 apud
1774 1118 2000 1177 homines,
2036 1119 2166 1184 supra
2195 1137 2249 1169 n:
2277 1122 2443 1185 2568,²

425 1184 600 1232 dicium
642 1184 720 1242 est,
767 1201 934 1249 nempe
972 1186 1099 1249 quod
1138 1184 1233 1232 duo
1272 1186 1493 1249 principia
1529 1184 1630 1242 lint,
1678 1197 1736 1232 ex
1772 1185 1937 1249 quibus
1979 1188 2200 1250 cogitant,
2251 1192 2425 1252 negati-

424 1267 539 1298 vum
579 1252 628 1299 δε
668 1253 1026 1309 affirmativum3
1062 1253 1279 1316 quodque
1318 1267 1374 1299 ex
1408 1251 1636 1316 principio
1671 1253 1887 1315 negativo
1925 1252 2008 1310 illi,
2059 1256 2139 1317 qui
2179 1252 2290 1301 nihil
2330 1270 2427 1305 cre-

425 1318 543 1365 dunt
579 1318 658 1365 nisi
700 1320 1027 1367 convincantur
1066 1335 1147 1383 per
1185 1319 1413 1367 rationalia
1453 1320 1501 1366 δε
1544 1318 1798 1376 scientifica,
1850 1319 1948 1366 imo
1986 1336 2066 1383 per
2103 1317 2313 1368 sensualia·
2324 1344 2339 1379 3
2375 1320 2428 1371 86

425 1385 554 1447 quod
596 1399 653 1432 ex
693 1386 966 1434 affirmativo
1006 1386 1088 1443 illi,
1125 1387 1206 1449 qui
1246 1386 1436 1434 credunt
1473 1385 1601 1448 quod
1623 1397 1744 1444 ,vera
1788 1385 1892 1443 fint,
1928 1389 2034 1449 quia
2054 1385 2286 1435 Dominus
2310 1387 2430 1436 dixit

425 1453 472 1498 in
496 1452 667 1510 Verbo,
705 1454 764 1499 ita
802 1453 881 1516 qui
921 1453 1063 1500 fidem
1103 1453 1267 1501 habent
1289 1453 1527 1501 Domino:
1562 1451 1645 1515 qui
1681 1452 1727 1498 in
1765 1454 1979 1515 negativo
2017 1453 2137 1511 sunt,
2180 1453 2318 1517 quod*
2348 1469 2430 1503 ve·-

423 1534 528 1565 rum
570 1519 622 1566 fit
661 1519 788 1583 quod
836 1522 882 1566 in
921 1519 1094 1576 Verbo,
1145 1519 1341 1567 dicentes
1379 1519 1533 1575 corde,
1580 1518 1709 1582 quod
1747 1530 1858 1566 tunc
1893 1519 2072 1568 credere
2113 1518 2274 1578 velint,
2317 1532 2428 1572 cum

424 1600 506 1647 per
545 1586 771 1632 rationalia
807 1587 856 1632 &
893 1584 1131 1632 scientifica
1170 1585 1505 1648 persuadentur,
1542 1599 1652 1631 cum
1692 1585 1745 1631 iis
1785 1586 1846 1632 ita
1881 1586 1962 1642 est,
2014 1586 2140 1649 quod
2188 1602 2428 1651 nunquam

427 1651 626 1709 credant,
663 1653 761 1699 imo
792 1667 880 1699 -nec
920 1652 952 1698 fi
992 1668 1073 1715 per
1109 1650 1200 1714 ipsa
1239 1651 1446 1699 sensualia
1483 1651 1702 1714 corporis,
1737 1662 1790 1698 ut
1819 1666 1900 1714 per
1923 1650 2089 1709 visum,
2126 1646 2175 1700 ὅτ’
2198 1653 2429 1712 auditum,

428 1718 480 1764 δε
518 1734 598 1781 per
636 1720 808 1766 taCtum
827 1753 842 1776 ,
894 1720 1296 1775 convincerentur,
1348 1717 1523 1781 semper
1568 1717 1693 1764 enim
1739 1730 1859 1765 nova
1906 1718 2136 1766 ratiocinia
2178 1716 2429 1770 formarent

429 1797 585 1832 contra
620 1785 711 1842 illa,
748 1786 807 1832 ita
839 1785 1024 1833 tandem
1046 1784 1376 1848 exstinguendo
1408 1782 1588 1847 prorsus
1624 1798 1813 1831 omne-m
1850 1783 2008 1842 fidem,
2044 1800 2096 1832 ac
2117 1784 2252 1832 fimul
2275 1784 2428 1835 lucem

427 1851 653 1898 rationalis
690 1852 911 1899 vertendo
944 1853 990 1898 in
1030 1851 1264 1908 tenebras,
1315 1852 1422 1915 quia
1458 1851 1504 1898 in
1546 1847 1681 1897 falsa:
1731 1849 1812 1913 qui
1855 1862 2009 1898 autem
2057 1851 2104 1898 in
2148 1850 2425 1901 affirmativo

428 1917 545 1975 sunt,
583 1918 670 1965 hoc
706 1918 786 1975 est,
837 1920 918 1982 qui
957 1918 1150 1965 credunt
1180 1918 1308 1981 quod
1346 1933 1450 1965 vera
1489 1917 1592 1973 sint,
1640 1916 1748 1981 quia
1777 1917 2010 1964 Dominus
2048 1917 2110 1965 ita
2149 1918 2281 1975 dixit,
2318 1933 2428 1967 cum

428 1984 515 2031 illis
556 1986 618 2032 ita
653 1985 732 2042 est,
768 1985 893 2049 quod
936 2001 1018 2048 per
1053 1985 1298 2042 rationalia,
1334 1985 1383 2032 &
1407 1983 1663 2040 scientifica,
1706 1984 1843 2030 etiam
1883 2000 1965 2048 per
2003 1982 2227 2042 sensualia,
2255 1982 2431 2049 jugiter

428 2051 769 2109 confirmentur,
806 2069 856 2099 ac
880 2052 995 2099 ideae
1027 2067 1192 2100 eorum
1225 2050 1515 2108 illustrentur,
1551 2051 1600 2098 &
1623 2049 1999 2107 corroborentur;
2036 2067 2141 2098 nam
2165 2051 2310 2099 homo
2331 2067 2429 2100 non

427 2117 608 2166 aliunde
644 2119 776 2166 habet
812 2119 980 2175 lucem,
1017 2135 1156 2183 quam
1188 2133 1268 2183 per
1305 2117 1535 2166 rationalia
1567 2119 1615 2166 &
1650 2117 1906 2174 scientifica,
1941 2116 2130 2181 quisque
2161 2118 2297 2165 etiarn
2337 2118 2427 2167 hoc

428 2183 568 2241 facit,
607 2187 726 2249 apud
751 2186 833 2233 hos
856 2187 1076 2233 Doctrina
1111 2186 1171 2232 fic
1210 2185 1412 2232 vivendo
1449 2185 1585 2242 vivit,
1620 2183 1671 2232 ὅτ
1696 2184 1752 2231 de
1775 2185 1827 2231 iis
1859 2185 2043 2241 dicitur,
2078 2184 2204 2248 quod
2217 2185 2428 2249 sanentur

429 2252 478 2299 &
497 2255 710 2313 par-ianm
747 2254 867 2316 apud
892 2253 992 2300 illos
1015 2266 1165 2300 autem
1189 2252 1411 2300 Doctrina
1433 2251 1673 2299 moriendo
1709 2252 1918 2308 moritur,
1954 2252 2004 2299 &
2026 2250 2084 2298 de
2118 2250 2203 2298 illis
2240 2251 2426 2309 dicitur,

429 2320 556 2380 quoi
582 2320 803 2367 claudendo
826 2318 1051 2367 claudatur
1074 2329 1247 2368 uterus.-
1283 2335 1339 2365 ex
1363 2318 1431 2366 his
1466 2330 1607 2382 patet,
1641 2317 1755 2381 quid
1796 2317 1849 2364 fit
1878 2333 1961 2380 per
1996 2317 2227 2364 rationalia
2264 2319 2426 2368 intrare

432 2387 478 2430 in
502 2386 753 2433 doctrinam
785 2387 908 2442 fidei,
945 2389 992 2433 &
1024 2386 1135 2449 quid
1175 2402 1231 2432 ex
1267 2386 1474 2432 do&rina
1508 2384 1614 2431 fidei
1654 2385 1816 2431 intrare
1855 2385 1901 2430 in
1940 2383 2184 2438 rationalia,
2219 2382 2294 2430 sed
2324 2383 2427 2431 haec

428 2467 510 2515 per
545 2453 751 2514 exempla
788 2452 1089 2499 illustrentur:
1127 2452 1203 2497 Ex
1239 2451 1445 2498 dostrina
1465 2450 1607 2497 Verbi
1635 2449 1714 2506 est,
1763 2449 1891 2511 quod
1924 2450 2128 2511 primum
2163 2449 2218 2495 ⁷&
2257 2450 2425 2511 princi-

428 2518 527 2581 pale
562 2513 779 2565 do&rinae
818 2518 872 2564 fit
908 2534 1038 2564 amor
1071 2519 1117 2564 in
1140 2518 1417 2574 Dominum,
1453 2516 1503 2563 &
1547 2516 1731 2563 charitas
1770 2530 1876 2577 erga
1907 2515 2191 2578 proximum,
2241 2514 2307 2561 illi
2343 2517 2426 2580 qui

428 2587 475 2632 in
511 2586 781 2632 affirmativo
821 2585 874 2630 in‘
906 2583 993 2631 hoc
1034 2584 1149 2640 sunt,
1199 2584 1380 2647 possunt
1426 2583 1588 2629 intrare
1624 2583 1671 2628 in
1708 2596 1994 2645 quaecunque
2031 2580 2139 2627 libet
2177 2582 2425 2640 rationalia,

428 2655 476 2699 δι
516 2651 771 2708 scientifica,
808 2654 904 2698 imo
945 2650 1166 2707 sensualia,
1202 2650 1390 2713 quisque
1429 2648 1677 2696 secundum
1717 2647 1842 2694 suam
1887 2648 2069 2705 dotem,
2116 2646 2240 2695 suam
2284 2648 2423 2696 scien-

425 2721 553 2775 tiam,
590 2720 639 2766 &
672 2720 797 2765 suam
837 2719 1175 2781 experientiam,
1212 2719 1309 2765 imo
1350 2732 1458 2780 quo-
1482 2715 1585 2779 plus
1620 2716 1802 2771 intrant,
1838 2730 1893 2761 eo
1931 2714 2035 2778 plus
2075 2714 2420 2772 confirmantur,

424 2802 530 2836 nam
578 2785 778 2831 universa
824 2797 978 2831 natura
1027 2785 1382 2831 confirmationis
1430 2782 1561 2846 plena
1603 2780 1697 2829 est:
1759 2792 1804 2828 at
1849 2782 1931 2845 qui
1978 2781 2066 2828 h'oc
2119 2782 2336 2844 primum.
2370 2782 2420 2828 &

422 2852 665 2916 principale
712 2852 931 2898 doetrinae
980 2863 1174 2914 negant,
1225 2852 1274 2898 &
1313 2850 1477 2898 volunt
1518 2851 1643 2914 prius
1689 2848 1931 2904 convinci,
1979 2847 2106 2911 quod
2151 2847 2213 2894 ita
2248 2847 2301 2896 fit
2339 2861 2421 2910 per

420 2917 661 2969 scientifica
696 2918 744 2964 &
782 2917 1024 2974 rationalia,
1061 2920 1091 2964 ii
1128 2917 1368 2981 nusquam,
1420 2917 1525 2980 quia
1554 2926 1730 2979 ‚negant
1767 2914 1918 2970 corde,
1963 2913 2006 2962 se
2042 2913 2273 2975 patiuntur
2309 2928 2418 2960 con-

418 2986 561 3044 vinci,
611 2984 659 3030 &
701 2985 912 3031 continue
948 3000 1032 3048 pro
1068 2984 1154 3031 alio
1191 2985 1434 3048 principio,
1464 2979 1613 3046 *quod
1653 2979 1869 3028 effentiale
1906 2978 2111 3034 credunt,
2165 2978 2313 3035 stan13
2366 2995 2419 3028 ac

419 3053 557 3098 iidem
595 3050 784 3096 demum
823 3066 903 3113 per
950 3050 1314 3098 confirmationes
1360 3050 1424 3096 sui
1470 3048 1714 3113 principii,
1764 3045 1950 3094 tandem
1988 3045 2050 3091 ita
2089 3043 2129 3092 se
2170 3058 2415 3103 occaecant,

407 3131 467 3165 ut
504 3135 559 3164 ne
595 3116 783 3180 quidem
822 3117 928 3166 scire
964 3119 1128 3179 poffint
1166 3117 1281 3180 quid
1320 3131 1450 3163 amor
1487 3117 1534 3161 in
1556 3114 1833 3168 Dominum,
1888 3112 1936 3158 δε
1976 3110 2087 3174 quid
2134 3127 2264 3159 amor
2309 3128 2416 3176 erga

411 3186 711 3250 proximum,
747 3184 795 3230 δε
831 3184 937 3247 quia
972 3182 1014 3231 se
1054 3183 1324 3233 confirmant
1364 3183 1411 3230 in
1445 3180 1692 3237 contrariu,
1727 3179 1861 3230 etiam
1894 3178 2081 3234 tandem
2104 3178 2152 3227 in
2178 3195 2247 3238 σο,
2284 3178 2414 3243 quod

2312 3261 2406 3294 non
