2826 3736
487 280 568 324 20
708 229 831 302 *f
953 238 1676 353 G--E'N'EfS
1766 248 1969 322 1'3.

477 397 510 419 “
545 391 655 457 Ego
677 391 724 440 in
748 383 899 451 illis‚”'
923 383 1017 455 Joh
1035 412 1046 442 ε
1065 408 1171 441 xvxi
1194 412 1205 442 ι
1227 410 1252 442 2
1259 409 1306 457 5,
1333 393 1410 443 26.
1481 390 1547 441 Et
1583 393 1710 456 quod
1733 391 1925 441 Nomen
1947 393 2039 442 Dei
2079 391 2151 441 seu
2175 393 2385 452 Domini,
2423 393 2477 444 fit

478 462 628 507 omnis
645 460 871 518 ‘Doc'trina
907 460 1014 507 fidei
1051 456 1107 507 de
1147 476 1304 507 amore
1335 461 1382 507 &
1407 459 1633 516 charitate,
1669 474 1774 521 quae
1798 459 2073 522 significatur
2095 476 2175 524 per
2204 461 2389 509 credere
2427 464 2475 509 in

479 526 668 574 Nomen
691 526 851 590 Ipfius,
887 522 944 574 eit
967 526 1036 574 his
1070 527 1191 589 apud
1216 525 1432 573 Eundem
1460 524 1815 589 Evangelistam‚
1856 529 1890 552 “
1915 526 2164 589 Quotquot
2199 542 2475 591 receperunt,

481 597 513 655 f‘
549 592 676 646 dedit
700 593 784 640 illis
808 592 1090 657 potestatem,
1115 605 1167 638 ut
1191 591 1273 638 filii
1289 592 1380 639 Dei
1403 591 1554 648 effent,
1579 590 1838 640 credentibus
1861 593 1906 639 in
1929 593 2095 641 Nomen
2117 592 2312 654 Ipsiusss’-
2337 610 2353 641 1
2373 612 2384 642 :
2404 612 2474 644 12.

479 659 527 714 Si
559 660 672 722 quid
703 661 911 720 petieritis
940 662 985 706 in
1009 658 1191 708 Nomine
1223 675 1324 714 meo,
1367 658 1474 723 Ego
1507 655 1684 717 faciam,
1705 658 1753 719 st
1784 661 1941 707 amatis
1965 661 2078 716 Me;
2127 658 2337 706 mandate
2379 667 2479 708 mea

479 724 660 782 servate,
701 730 734 752 ‘⁶
759 742 874 773 xiv:
907 743 977 789 13.
1009 743 1079 786 14.
1113 741 1183 787 15.
1251 722 1579 789 Qodcuri'que
1607 727 1820 789 petieritis
1842 727 2020 774 Patrem
2054 728 2099 773 in
2138 725 2321 774 Nomine
2355 729 2475 784 Meo,

481 797 512 818 “
549 792 625 838 dat
648 791 813 847 vobis,
854 792 951 839 haec
974 794 1178 854 praecipio
1201 791 1337 847 vobis,
1374 801 1423 837 ut
1456 793 1605 839 ametis
1627 808 1704 839 vos
1727 793 1956 850 invicem,''
2002 808 2096 840 xv:
2122 792 2197 849 16,
2230 808 2301 857 17.
2351 793 2474 856 apud

480 858 777 921 Matthaeum‚
821 863 855 885 “
878 858 977 906 Ubi
1002 859 1095 905 duo
1129 870 1207 904 aut
1230 867 1317 905 tres
1340 859 1580 920 congregati
1601 860 1646 904 in
1663 858 1845 907 Nomine
1867 860 1988 916 Meo,
2028 858 2102 906 ibi.
2122 857 2218 907 sum
2245 859 2291 906 in
2323 859 2479 907 medio

480 930 511 949 “
549 926 759 981 eorum,’'
794 941 923 972 xvm
947 945 956 973 :
979 942 1053 973 20.
1104 923 1182 971 ubi
1215 925 1479 988 congregati
1521 926 1566 971 in
1604 925 1810 972 Nomine
1831 925 2027 973 Domini
2067 924 2319 988 significant
2356 925 2474 984 illos,

477 991 557 1053 qui
597 993 641 1038 in
666 991 884 1038 Doaestrina
922 991 1029 1038 fidei
1072 991 1127 1038 de
1165 1006 1316 1038 amore
1339 992 1388 1038 ὅτ
1414 990 1638 1047 charitate,
1684 992 1747 1038 ita
1779 992 1860 1054 qui
1894 991 1942 1037 in
1975 1006 2127 1038 amore
2159 993 2208 1039 ὅτ
2233 990 2475 1051 charitate:

478 1058 602 1120 apud
619 1058 848 1115 Eundem,
874 1064 907 1085 “
927 1059 1066 1105 Eritis
1090 1058 1198 1105 odio
1220 1057 1359 1105 habiti
1381 1057 1437 1105 ab
1458 1057 1672 1104 omnibus
1689 1057 1899 1120 gentibus
1913 1067 2092 1120 propter
2108 1056 2273 1106 Nomen
2294 1060 2476 1116 meum‚’'

479 1139 638 1173 x:22.
688 1126 986 1188 Cap:xx¹v:
1009 1144 1053 1190 9.
1087 1143 1160 1174 10.
1213 1125 1495 1171 Marczxiu
1525 1142 1535 1171 ε
1570 1126 1659 1179 ιὀ·,
1721 1123 1801 1171 ubi
1834 1136 2019 1188 propter
2058 1124 2248 1171 Nomen
2299 1140 2474 1183 meum,

478 1189 706 1238 manifeste
745 1204 931 1256 propter
964 1192 1248 1254 Dominam.
1321 1190 1468 1254 Qod
1507 1189 1657 1254 ipsum
1679 1190 1869 1238 Nomen
1909 1189 2021 1238 nihil
2058 1188 2206 1247 faciat,
2243 1189 2318 1238 sed
2359 1191 2476 1240 illud
2517 1214 2560 1232 -ν

477 1257 602 1319 quod
618 1258 813 1305 Nomen
837 1258 1049 1314 involvit,
1086 1273 1251 1321 nempe
1283 1273 1421 1305 omne
1462 1256 1686 1304 charitatis
1709 1258 1759 1305 δε
1783 1256 1908 1314 fidei,
1945 1255 2116 1304 constat
2155 1257 2269 1304 clare
2308 1257 2365 1304 ab
2401 1258 2471 1307 his

475 1324 599 1386 apud
624 1324 924 1381 Matthaeum,
973 1331 1005 1352 “
1029 1325 1199 1372 Nonne
1224 1335 1306 1386 per
1329 1324 1494 1372 Nomen
1516 1326 1638 1371 tuum
1671 1322 2081 1387 prophetavimus;
2128 1323 2178 1370 &
2205 1335 2287 1385 per
2308 1323 2476 1372 Nomen

475 1387 510 1414 ‘⁸
546 1388 672 1437 tuum*
703 1391 930 1439 daemonia
968 1390 1215 1454 ejecimus·‚
1257 1392 1375 1438 &in
1398 1390 1581 1439 Nomine
1614 1391 1907 1437 tuo'virtutes
1942 1389 2109 1436 multas
2130 1387 2346 1438 fecimus:
2398 1390 2480 1438 sed*

477 1457 510 1479 “
544 1461 655 1513 tunc
680 1458 931 1505 confitebor
951 1458 1054 1516 illis,
1091 1475 1184 1506 non
1217 1459 1330 1505 novi
1354 1473 1453 1515 vos,
1495 1456 1755 1519 disceditea
1777 1457 1863 1504 Me
1885 1468 2118 1520 operantes
2141 1456 2477 1519 iniquitatem,”

476 1535 557 1569 vn
585 1536 695 1582 222,
723 1541 798 1588 23.
841 1525 945 1572 inde
985 1524 1173 1581 constat,
1214 1524 1358 1588 quod,
1400 1525 1480 1588 qui
1513 1535 1694 1588 ponunt
1716 1522 1896 1571 'cultum
1918 1525 1965 1570 in
1985 1523 2207 1579 Nomine,
2249 1535 2301 1570 ut
2317 1523 2474 1584 Judaei

474 1587 521 1633 in
549 1590 753 1637 Nomine
776 1590 984 1652 Jehovae,
1020 1592 1070 1639 ὅτ
1095 1590 1333 1638 Christiani
1366 1591 1414 1637 in
1433 1590 1639 1638 Nomine
1661 1590 1872 1647 Domini,
1913 1605 2005 1637 non
2042 1589 2146 1637 ideo
2180 1589 2268 1636 sint
2290 1589 2475 1653 dignio-

472 1669 573 1711 res·,
607 1657 713 1720 quia
733 1657 922 1704 Nomen
955 1657 1065 1704 nihil
1089 1655 1194 1704 facit
1214 1679 1228 1714 3
1264 1656 1339 1704 sed
1360 1657 1487 1720 quod
1510 1657 1618 1704 tales
1639 1656 1739 1714 sint,
1775 1655 1927 1721 quales
1950 1654 2047 1720 Ipse
2070 1655 2318 1712 mandavit,
2342 1657 2471 1720 quod

470 1720 534 1768 est
558 1723 734 1770 credere
759 1725 805 1770 in
826 1724 1015 1771 Nomen
1038 1724 1212 1788 Ipsius,
1254 1725 1304 1772 δε
1336 1724 1464 1788 quod
1498 1724 1652 1772 dicant
1691 1741 1784 1771 non
1818 1725 1865 1770 in
1899 1722 1986 1770 alio
2006 1723 2211 1770 Nomine
2240 1737 2382 1786 quam
2421 1724 2470 1772 in

468 1786 662 1836 Domi-ni
697 1790 780 1837 effe
805 1789 1007 1848 salutem,
1048 1790 1111 1838 est
1146 1791 1275 1854 quod
1298 1791 1391 1838 non
1430 1792 1479 1837 in
1510 1790 1593 1837 alia
1614 1791 1862 1847 DoCtrina,
1893 1789 1981 1837 hoc
2004 1789 2084 1845 est,
2125 1789 2380 1852 quodnon
2421 1791 2470 1837 in

469 1853 572 1915 alio,
607 1866 748 1919 quarn
772 1858 818 1903 in
843 1873 995 1904 amore
1020 1869 1199 1914 mutuo,
1237 1858 1319 1921 qui
1340 1856 1404 1904 est
1426 1872 1532 1904 vera
1554 1856 1761 1904 doctrina
1781 1856 1904 1912 fidei,
1930 1857 1990 1903 ita
2011 1871 2103 1903 non
2127 1856 2174 1902 in
2199 1854 2305 1912 alio,
2328 1872 2470 1920 quam

468 1921 514 1966 in
538 1922 766 1979 Domino,
808 1924 914 1986 quia
937 1922 993 1970 ab
1016 1923 1119 1987 Ipso
1137 1924 1246 1971 Solo
1270 1924 1419 1971 omnis
1444 1939 1589 1980 amor,
1631 1924 1681 1971 ὅτ
1706 1922 1812 1970 inde
1836 1922 1963 1970 fides.
2107 1931 2110 1934 ⁴
2484 1944 2488 1947 ·

537 2005 599 2036 20
611 2006 678 2038 10.
719 1990 844 2053 Qia
862 2006 982 2037 nunc
999 1991 1189 2038 Nomen
1209 1990 1431 2054 fignificat
1447 1990 1596 2054 quale,
1614 1991 1664 2038 δε
1680 1990 1799 2037 noffe
1815 1989 1960 2053 qualis
1982 1988 2062 2046 est,
2085 1987 2285 2037 ‘constare
2301 1988 2466 2052 potest,

467 2053 587 2118 quid'
606 2071 686 2117 per
707 2056 845 2103 verba
868 2058 913 2102 in
938 2057 1024 2104 hoc
1048 2056 1178 2105 versu
1202 2057 1496 2120 significatur,
1522 2074 1704 2121 nempe,
1741 2073 1822 2104 non
1843 2056 2070 2104 vocabitur
2093 2055 2273 2120 amplius
2306 2058 2468 2121 nomine

468 2130 541 2168 tuo
558 2122 739 2179 Abram,
776 2122 830 2171 ὅ
853 2126 933 2170 erit
958 2140 1099 2171 nomen
1129 2134 1248 2171 tuum
1272 2125 1513 2182 Abraham,
1549 2123 1730 2180 scilicet,
1765 2123 1892 2187 quod
1919 2139 2012 2170 non
2049 2123 2153 2170 effet
2185 2121 2329 2185 qualis
2362 2120 2468 2181 fuit,

468 2186 543 2234 sed
566 2188 709 2250 qualis
733 2186 940 2237 futurus:
982 2191 1109 2253 quod
1129 2190 1304 2237 Abram
1329 2190 1560 2237 serviverit
1584 2191 1678 2237 aliis
1703 2190 1806 2246 diis,
1842 2190 1892 2237 ὅτ
1916 2190 2106 2237 coluerit
2130 2189 2269 2237 deum
2294 2188 2464 2236 Schad·
2515 2235 2519 2239 .

468 2253 555 2310 dai,
592 2254 814 2302 ostensum
851 2255 913 2303 est
937 2255 1081 2319 supra,
1118 2273 1145 2302 n
1171 2274 1181 2303 :
1211 2272 1350 2322 1992,
1387 2254 1461 2302 sed
1485 2258 1594 2319 quia
1615 2255 1947 2319 repraesentaret
1970 2256 2245 2312 Dominum,
2283 2255 2332 2302 &
2365 2256 2480 2318 qui-.

467 2320 574 2367 dem
607 2321 748 2384 Ipsius
783 2323 1018 2370 Internum
1042 2323 1321 2380 Hominem,
1358 2324 1419 2370 ita
1442 2321 1638 2369 Coeleste
1674 2322 1840 2368 amoris
1873 2320 2032 2385 Ipsius,
2069 2321 2172 2367 ideo
2207 2320 2338 2383 quale
2372 2319 2468 2383 ejus

467 2388 592 2449 prius
614 2388 875 2446 delendum,
911 2389 999 2436 hoc
1024 2389 1101 2446 est,
1139 2405 1307 2436 nornen
1328 2389 1505 2436 Abram
1533 2388 1810 2435 mutandum
1834 2388 1880 2434 in
1905 2387 2034 2450 quale
2057 2386 2196 2442 aliud,
2233 2402 2314 2449 per
2337 2387 2465 2450 quod

465 2454 674 2515 potuisset
713 2455 943 2502 Dominus
990 2454 1326 2519 repraesentari3
1355 2456 1478 2502 ‘ideo
1518 2454 1645 2502 litera
1680 2455 1796 2515 (H),
1845 2469 1901 2500 ex
1929 2454 2134 2501 Nomine
2157 2451 2349 2513 Jehovae
2386 2453 2467 2500 de·

466 2518 646 2583 sumpta
666 2520 744 2578 est,
782 2538 888 2584 quae
911 2522 1037 2569 litera
1069 2523 1116 2568 in
1139 2522 1344 2569 Nomine
1367 2522 1558 2584 Jehovae
1591 2520 1654 2568 est
1687 2522 1834 2577 unica,
1856 2536 1977 2584 *quae
1997 2521 2228 2566 Divinum
2252 2519 2466 2577 involvit,

466 2586 516 2632 δε
541 2586 762 2650 fignificat
786 2589 915 2645 SUM,
953 2587 1024 2635 seu
1050 2588 1191 2645 ESSE,
1217 2590 1265 2636 ὅτ
1289 2585 1516 2652 interjec‘ta
1538 2587 1617 2644 est,
1654 2589 1703 2635 &
1727 2588 1874 2634 dietus
1896 2585 2162 2641 Abraham3
2202 2586 2401 2632 similiter
2424 2585 2469 2633 se

467 2652 596 2700 habet
621 2669 726 2700 cum
746 2655 879 2711 Sarai,
918 2655 974 2701 de
998 2671 1086 2718 qua
1121 2657 1167 2701 in
1191 2654 1492 2719 sequentibus,
1518 2653 1646 2718 cujus
1672 2656 1848 2701 nomini
1871 2655 2005 2700 etiam
2031 2651 2201 2716 adjecta
2223 2651 2286 2698 est
2307 2653 2464 2700 eadem

466 2718 605 2777 litera,
642 2721 691 2768 ὅτ
716 2721 836 2768 dieta
858 2721 991 2769 Sarah
1011 2741 1020 2770 :
1063 2721 1168 2768 inde
1190 2738 1374 2786 quoque
1398 2721 1596 2769 constare
1620 2720 1783 2784 potest,
1809 2720 1936 2783 quod
1961 2719 2193 2767 Abraham
2219 2720 2264 2765 in
2289 2720 2469 2766 interno

466 2784 588 2832 sensu
612 2786 751 2833 Verbi
776 2788 1060 2851 repraesentet
1083 2788 1309 2850 Jehovam
1339 2787 1412 2836 seu
1434 2789 1694 2836 Dominum
1715 2806 1725 2835 :
1768 2786 1842 2835 sed
1867 2786 2113 2841 sciendum,
2149 2784 2275 2847 quod
2301 2786 2347 2830 in
2364 2785 2459 2831 Re-

464 2850 877 2913 praesentationibus
913 2855 1023 2902 nihil
1057 2853 1205 2911 faciat,
1241 2855 1383 2918 qualis
1425 2855 1566 2903 homo
1600 2855 1669 2911 fit,
1720 2869 1824 2900 nam
1865 2854 1911 2899 in
1951 2851 2038 2898 illis
2074 2850 2186 2897 nihil
2223 2849 2466 2898 reflestitur

465 2915 596 2980 super
618 2919 868 2982 personam,
905 2921 978 2967 sed
1011 2919 1147 2984 ¹super
1184 2937 1297 2978 rem,
1335 2938 1472 2983 quam
1514 2919 1811 2985 repraesentat,
1846 2931 1899 2965 ut
1938 2917 2115 2964 diCtum
2150 2918 2196 2963 &
2234 2914 2459 2963 ostensum

463 2985 604 3048 prius,
641 3002 671 3032 n
692 3004 702 3032 :
726 2987 833 3049 665.
881 3002 1001 3051 1097
1039 2987 1102 3033 fin
1145 2989 1284 3049 1361.
1354 2989 1467 3036 Inde
1490 3004 1611 3035 nunc
1647 2985 1915 3048 fignificatio
1937 2983 2119 3030 illorum
2145 2982 2390 3029 verborum
2414 2984 2463 3030 in

464 3049 583 3098 sensu
609 3053 784 3099 interno
807 3052 885 3109 est,
922 3053 1049 3116 quod
1072 3054 1303 3101 Dominus
1327 3066 1458 3102 exuet
1481 3054 1777 3108 Humanum,
1814 3051 1863 3098 ὅτ
1888 3050 2045 3097 induet
2066 3050 2308 3105 Divinum,
2333 3049 2462 3112 quod

461 3118 597 3165 etiam
619 3118 682 3166 est
713 3121 759 3166 in
785 3119 889 3166 serie
921 3135 945 3165 a
968 3119 1344 3183 praecedentibus,
1380 3132 1482 3167 tum
1506 3122 1642 3166 etiam
1659 3115 1721 3165 'in
1757 3117 1861 3165 serie
1886 3116 2185 3181 sequentium,
2222 3131 2328 3162 nam
2353 3131 2461 3180 pro-

466 3186 611 3231 miffio
650 3185 705 3233 fit
745 3202 864 3234 nunc
905 3185 961 3233 de
985 3185 1105 3234 Isaeo
1145 3186 1257 3245 filio,
1293 3203 1374 3250 per
1408 3195 1547 3251 qu'am
1588 3184 1974 3249 repraesentaretur
2005 3181 2239 3231 Rationale
2269 3182 2462 3228 Domini

462 3251 705 3300 Divinum.

2147 3333 2235 3367 201
2249 3333 2287 3365 ι.
2314 3313 2461 3378 Qod
