2788 3744
857 279 1215 352 CAPUT
1272 274 1953 353 vlo-ESI‘MUM.
2310 311 2389 356 21

382 416 480 466 veri
518 413 570 464 δι’
605 411 732 472 boni,
766 412 904 464 etiam
926 416 1126 466 constare
1159 417 1307 482 potest
1337 416 1396 466 ab
1434 416 1522 467 illis
1557 433 1665 483 quae
1701 416 1830 482 supra
1860 434 1921 466 n:
1947 416 2076 479 2516
2109 416 2228 465 dieta
2267 415 2387 474 sunt,

356 483 463 533 subi
485 497 670 547 quoque
694 481 856 530 fimilia
878 484 1043 533 verba:
1082 488 1262 550 pariter,
1297 485 1424 550 quod
1446 486 1598 533 omnis
1620 485 1700 549 qui
1722 486 1822 543 tibi,
1850 484 2081 548 ,significet
2103 485 2256 532 omnia
2277 501 2386 547 quae

378 548 491 614 ejus,
527 564 693 613 nempe
713 548 952 608 doctrinae,
989 566 1114 608 una·,
1150 552 1278 616 quod
1299 553 1451 600 omnis
1473 551 1697 616 significet
1716 567 1855 599 omne
1878 550 1951 598 seu
1983 552 2140 598 omnia
2171 552 2218 597 in
2258 551 2380 598 sensu

378 616 573 674 interno,
610 615 715 663 inde
743 615 824 673 est,
858 618 966 680 quia
988 617 1189 680 personae
1217 619 1264 665 in
1283 618 1441 666 Verbo
1462 618 1716 682 fignificant
1750 634 1834 675 res,
1871 619 1934 665 ita
1969 619 2120 665 omnis
2159 618 2240 681 qui
2264 618 2382 664 Abi·

380 683 601 740 melecho,
637 697 776 729 omne
814 681 890 729 seu
930 683 1086 731 omnia
1123 697 1231 748 quae
1269 684 1505 732 doetrinae.
1575 685 1652 733 Ex
1675 684 1744 732 his
1768 700 1890 732 nunc
1924 695 2063 748 patet,
2098 685 2198 747 quis
2235 682 2382 736 sensus

378 750 578 797 internus
614 747 679 796 est
716 747 983 806 verborum,
1026 765 1133 813 quae
1172 751 1219 798 in
1258 750 1344 799 hoc
1367 750 1528 808 Versu,
1580 766 1745 815 nempe
1782 751 1912 814 quod
1951 749 2176 814 spirituale
2215 765 2378 798 verum

376 815 599 863 doetrinae
629 815 837 862 immune
867 815 1071 864 redderet
1093 833 1119 864 a
1138 817 1358 875 rationali,
1392 817 1443 866 &
1474 817 1602 883 quod
1640 819 1703 866 ita
1739 816 1994 873 doceretur,
2043 831 2094 864 ac
2124 816 2211 880 Ipsi
2250 832 2378 863 reve-

375 881 558 938 labitur,
594 881 644 928 &
667 880 726 928 fic
750 882 843 929 vita
865 882 1121 939 doctrinan
1158 896 1202 932 at
1231 884 1265 932 fi
1300 901 1392 932 non
1434 884 1658 948 spirituale
1687 899 1850 932 verum
1888 885 2094 931 immune
2123 883 2331 931 redderet
2355 899 2381 930 a

373 947 592 1004 rationali,
629 947 757 1011 quod
789 948 994 996 doCtrina
1012 952 1109 997 veri
1142 951 1192 999 δε
1216 950 1325 998 boni
1348 951 1473 998 nulla
1495 951 1612 998 foret
1632 952 1784 1014 quoad
1806 952 1962 998 omnia
1984 951 2034 997 δε
2058 949 2233 1014 lingula
2253 948 2374 1011 ejus:

374 1015 432 1062 Se
468 1014 599 1067 habet
633 1017 694 1061 ita
731 1029 841 1062 cum
865 1016 1101 1074 Doctrina,
1146 1028 1370 1081 quantum
1409 1017 1614 1073 humani,
1651 1017 1737 1064 hoc
1776 1015 1856 1074 est,
1891 1027 2115 1080 quantum
2157 1015 2377 1071 sensualis,

373 1080 621 1138 scientifici,
658 1082 709 1130 ὅτ
731 1082 958 1130 rationalis
978 1081 1058 1139 est,
1093 1098 1151 1130 ex
1172 1083 1340 1146 quibus
1372 1082 1570 1130 creditur
1605 1083 1731 1146 quod
1757 1084 1816 1130 ita
1838 1083 1909 1139 fit,
1944 1094 2122 1129 tantum
2156 1081 2219 1129 est
2253 1082 2377 1129 nulla

373 1148 611 1202 doctrinm
647 1160 692 1195 at
714 1161 940 1211 quantum
964 1147 1170 1206 sensuale,
1206 1148 1523 1207 scientificum,
1558 1149 1608 1197 ὅτ
1634 1149 1844 1196 rationale
1868 1161 2144 1205 removetur,
2182 1149 2268 1196 hoc
2291 1147 2372 1203 est,

373 1214 539 1277 absque
571 1212 655 1261 illis
695 1214 912 1272 creditur,
948 1226 1128 1263 tantum
1161 1216 1280 1263 vivit
1315 1215 1536 1273 doctrina,
1573 1231 1677 1263 narn
1716 1227 1892 1263 tantum
1934 1215 2085 1262 influit
2107 1214 2336 1263 Divinum
2357 1236 2373 1269 ι

369 1275 475 1328 'sunt
498 1280 684 1327 humani
708 1283 890 1345 propria
910 1298 1017 1346 quae
1042 1282 1302 1345 impediunt
1340 1282 1569 1330 influxum
1604 1282 1654 1329 δε
1692 1284 1997 1346 receptionem
2018 1299 2029 1328 :
2067 1280 2139 1329 sed
2163 1281 2284 1328 aliud
2307 1280 2374 1328 est

368 1347 547 1395 credere
582 1363 639 1394 ex
679 1347 897 1405 rationali,
948 1347 1193 1396 scientifico
1231 1349 1280 1396 &
1314 1347 1511 1405 sensuali,
1548 1346 1621 1395 seu
1661 1347 1887 1396 consulere
1927 1347 2004 1394 illa
2038 1361 2089 1394 ut
2128 1347 2336 1395 credatur
2356 1369 2373 1402 ς

369 1414 421 1461 &
454 1412 577 1460 aliud
615 1413 679 1460 est
714 1414 983 1462 confirmare
1021 1415 1072 1463 &
1106 1415 1394 1464 corroborare
1434 1414 1547 1462 illud
1586 1415 1711 1479 quod
1751 1415 1965 1471 creditur,
2010 1430 2090 1478 per
2125 1413 2373 1470 rationalia,

368 1478 625 1538 scientifica,
662 1482 711 1527 δε
747 1479 986 1537 sensualia,
1021 1498 1128 1546 quae
1161 1481 1412 1530 differentia
1448 1481 1519 1538 fit,
1554 1481 1724 1545 patebit
1770 1482 1817 1528 in
1856 1479 2158 1544 sequentibus,
2193 1480 2249 1527 de
2285 1480 2373 1527 illis

367 1548 492 1594 enim
533 1547 579 1593 in
616 1543 740 1594 sensu
779 1548 956 1596 interno
996 1549 1042 1596 in
1083 1548 1171 1596 hoc
1205 1549 1385 1612 Capite,
1420 1549 1558 1595 etiam
1581 1549 1745 1611 agitur.
1816 1569 1819 1575 ¹

439 1630 583 1677 2539.
619 1613 759 1660 Vers:
789 1617 830 1662 8.
867 1615 931 1662 Et
963 1630 1085 1661 mane
1105 1615 1302 1678 surrexit
1325 1612 1564 1663 Abimelech
1602 1616 1649 1660 in
1685 1615 1913 1670 matutino,
1949 1613 2005 1662 δέ’
2028 1614 2208 1659 vocavit
2241 1628 2374 1660 omnes

355 1680 509 1744 servos
520 1681 639 1742 suos,
674 1679 730 1729 &
753 1678 950 1744 loquutus
971 1679 1025 1741 cst
1047 1682 1187 1728 omnia
1209 1681 1344 1728 verba
1368 1680 1444 1727 illa
1467 1682 1514 1727 in
1545 1679 1723 1728 auribus
1755 1696 1912 1736 eorum,
1947 1679 2004 1728 &
2024 1681 2256 1726 timuerunt
2280 1681 2374 1725 viri

292 1779 299 1785 -
365 1746 507 1795 valde.
578 1747 722 1795 Mane
760 1745 948 1795 surrexit
970 1746 1244 1794 Abimelech
1278 1748 1323 1794 in
1364 1747 1607 1804 matutino,
1642 1746 1864 1809 fignificat
1902 1746 2240 1810 perceptionem
2279 1745 2371 1792 cla-

365 1828 482 1870 ram,
517 1812 567 1860 &
591 1812 947 1860 confirmationis
966 1812 1123 1860 lucem
1146 1828 1205 1860 ex
1232 1812 1404 1860 coelesti
1427 1812 1552 1860 bono
1571 1829 1581 1859 :
1616 1812 1666 1859 δε
1689 1813 1874 1860 vocavit
1896 1828 2055 1859 omnes
2079 1811 2227 1858 servos
2251 1810 2369 1868 suo&

364 1878 588 1942 fignificat
611 1877 838 1925 rationalia
859 1879 910 1926 δε
934 1877 1174 1926 scientifica
1193 1895 1205 1926 ε
1241 1879 1290 1925 &
1314 1878 1532 1941 loquutus
1554 1876 1620 1924 est
1641 1879 1799 1925 omnia
1822 1877 1956 1924 verba
1994 1877 2072 1924 illa
2106 1878 2154 1923 in
2185 1877 2369 1924 auribus

360 1959 540 2001 eorum,
574 1943 796 2009 fignificat
821 1943 1179 1993 exhortationem
1200 1944 1258 1991 ad
1280 1944 1595 2006 confirmantia
1616 1944 1738 2001 inde,
1772 1942 1913 2007 usque
1937 1956 1988 1990 ut
2010 1942 2273 1990 obedirent:
2311 1945 2364 1990 δε

362 2012 616 2059 timuerunt
637 2011 726 2058 viri
746 2009 895 2068 valde,
930 2010 1151 2076 fignificat
1173 2011 1302 2075 quod
1321 2012 1458 2058 etiam
1482 2009 1621 2074 usque
1642 2022 1696 2057 ut
1717 2009 2029 2058 aversarentur.

430 2094 574 2142 2540.
612 2078 754 2125 Mane
792 2074 980 2125 surrexit
1004 2077 1279 2126 Abimelech
1317 2079 1363 2124 in
1405 2076 1810 2140 matutinouquod
1850 2076 2072 2140 significet
2109 2077 2364 2140 perceptio-

359 2159 466 2192 nem
500 2144 683 2202 claram,
719 2144 768 2191 &
793 2143 1149 2192 confirmationis
1171 2144 1322 2192 lucem
1345 2159 1404 2192 ex
1427 2142 1596 2191 coelesti
1621 2142 1759 2201 bono,
1796 2143 1967 2190 constat
1987 2160 2012 2190 a
2034 2142 2360 2206 significatione

358 2226 492 2258 mane
530 2210 743 2274 surgere3
790 2223 892 2258 tum
936 2210 1241 2267 Abimelechi,
1293 2223 1345 2258 ut
1386 2213 1434 2258 &
1484 2211 1733 2266 matutini;
1781 2210 1894 2273 quid
1943 2225 2073 2257 mane
2117 2209 2357 2272 fignificat,

356 2276 584 2326 ostensum
620 2277 684 2325 est
723 2293 785 2325 n:
814 2295 956 2342 2333.
990 2294 1136 2341 2405,
1185 2276 1259 2325 hic
1298 2276 1427 2341 quod
1466 2278 1804 2341 perceptionem
1843 2276 2010 2323 claram
2048 2288 2171 2339 patet
2217 2275 2356 2332 inde,

278 2356 288 2365 ’
356 2355 459 2391 tum
495 2360 520 2392 a
560 2343 682 2401 serie,
734 2345 859 2408 quod
900 2346 1132 2409 perceptio
1170 2345 1375 2408 primum
1413 2341 1548 2390 suerit
1587 2341 1788 2400 obscura,
1839 2358 1899 2391 n:
1928 2359 2257 2405 2513.2514;
2306 2356 2357 2389 ac

354 2409 461 2458 dein
485 2411 612 2475 quod
637 2411 788 2458 minus
813 2409 1016 2468 obscura,
1052 2427 1113 2459 n:
1140 2415 1264 2471 2528
1285 2428 1296 2458 :
1333 2410 1446 2474 quid
1473 2409 1761 2467 Abimelech,
1795 2409 1922 2473 quod
1945 2409 2166 2472 significet
2189 2409 2358 2455 doetri-

355 2492 462 2526 nam
486 2477 594 2525 fidei
615 2475 887 2543 speetantem
913 2477 1157 2534 rationalia,
1191 2476 1397 2524 videatur
1429 2475 1560 2541 supra
1593 2492 1656 2524 n:
1682 2493 1826 2542 2509.
1853 2492 1981 2539 2510
2003 2493 2014 2523 ε
2051 2477 2100 2522 &
2122 2474 2236 2537 quid
2262 2489 2357 2521 ma-

351 2545 573 2601 tutinum,
608 2555 731 2607 patet
767 2561 792 2590 a
829 2543 1155 2607 significatione
1196 2559 1362 2599 mane·,
1415 2542 1488 2591 hic
1528 2544 1635 2607 quia
1671 2542 1859 2600 dicitur,
1910 2541 2098 2589 surrexit
2137 2556 2267 2588 mane
2308 2542 2355 2587 in

352 2609 594 2666 matutino,
629 2625 724 2656 non
763 2609 906 2656 modo
942 2609 1163 2672 fignificat
1201 2611 1539 2673 perceptionem
1578 2609 1762 2665 claram,
1815 2608 1888 2655 sed
1928 2609 2063 2655 etiam
2109 2606 2353 2654 confirma·

351 2675 488 2722 tionis
510 2673 663 2722 lucem
685 2689 711 2721 a
732 2673 903 2720 coelesti
926 2674 1050 2720 bon'o
1070 2695 1087 2729 ·,
1121 2673 1184 2721 est
1206 2677 1330 2721 enim
1353 2674 1534 2721 coeleste
1558 2674 1731 2732 bonum
1765 2687 1821 2720 ex
1860 2689 1956 2736 quo
1989 2673 2071 2719 lux
2105 2675 2199 2718 veri
2241 2688 2351 2719 con-

351 2740 572 2797 firmans3
607 2740 711 2787 inde
751 2754 873 2786 nunc
913 2737 1112 2787 constare
1151 2737 1314 2802 potest,
1351 2738 1480 2802 quod
1514 2738 1588 2785 illa
1609 2738 1930 2801 significentur.
2002 2737 2143 2797 Quod
2170 2750 2352 2785 tantum

349 2807 395 2854 in
436 2806 559 2855 sensu
596 2807 773 2854 interno
811 2806 960 2869 agitur
999 2805 1058 2852 de
1088 2805 1382 2867 Pei-ceptione
1418 2818 1524 2868 quae
1548 2804 1758 2851 Domino
1789 2819 1897 2851 cum
1923 2805 1967 2850 in
1994 2804 2220 2858 Humaro
2243 2802 2346 2861 fuit,

346 2889 398 2921 ac
434 2874 491 2922 de
527 2874 802 2937 cogitatione
839 2870 897 2919 de
937 2871 1139 2919 rationali
1179 2871 1224 2917 in
1261 2870 1465 2918 doctrina
1503 2868 1628 2927 fidei,
1663 2870 1727 2918 est
1757 2869 1886 2917 causa
1919 2886 2026 2933 quae
2062 2869 2191 2933 supra
2229 2885 2347 2934 quo—

344 2955 435 3004 que
482 2941 626 2997 dicta,
679 2952 781 2987 tum
823 2937 952 3003 quod
978 2937 1258 3001 Angelicum
1298 2936 1351 2983 sit
1389 2935 1594 2983 distinete
1632 2939 1755 2984 varia
1791 2937 1991 3000 cogitare
2034 2936 2091 2983 de
2128 2938 2223 2983 vita
2246 2938 2344 2985 Do-

345 3008 457 3055 mini
500 3009 546 3054 in
590 3006 784 3062 mundo,
831 3007 877 3052 &
921 3003 1161 3069 quomodo
1205 3003 1377 3050 exuerit
1417 3003 1627 3051 rationale
1667 3003 1938 3059 humanum,
1974 3003 2023 3050 &
2046 3002 2093 3049 id
2115 3003 2347 3050 Divinum

341 3086 399 3118 ex
422 3074 605 3138 propria
627 3074 829 3136 potentia
853 3068 1039 3127 fecerit,
1075 3086 1124 3117 ac
1150 3068 1281 3118 simul
1319 3069 1375 3115 de
1414 3067 1618 3116 doeh-ina
1655 3068 1879 3116 charitatis
1907 3070 1957 3117 &
1986 3068 2093 3115 fidei
2116 3070 2260 3132 qualis
2281 3070 2345 3115 est

343 3151 451 3187 cum
489 3138 696 3186 rationale
733 3136 776 3184 se
810 3136 1050 3194 immiscet,
1086 3150 1249 3200 praeter
1289 3136 1420 3200 plura
1456 3151 1563 3198 quae
1603 3137 1810 3183 interiora
1835 3135 2051 3183 Ecclefiae
2074 3134 2346 3182 &hominis

339 3202 459 3262 sunt,
496 3204 677 3251 &inde
700 3203 988 3268 dependent,
1024 3204 1122 3252 haec
1146 3203 1338 3258 homini,
1376 3203 1447 3248 cui
1485 3217 1608 3249 curae
1638 3204 1687 3249 δε
1727 3202 1856 3249 cordi
1896 3202 2127 3248 mundana
2163 3202 2212 3246 &
2241 3215 2341 3247 cor-

335 3285 491 3335 porea,
525 3282 740 3336 apparent
775 3270 890 3320 sicut
927 3269 1059 3331 levia,
1094 3271 1142 3320 &
1167 3268 1353 3319 fortassis
1390 3268 1505 3318 sicut
1539 3266 1598 3320 ad
1630 3268 1833 3318 nibilum
1862 3269 1904 3317 ei
1942 3267 2269 3378 conducentiagl
2299 3278 2345 3312 ar

2187 3347 2237 3379 Ca
2271 3348 2350 3379 em
