2826 3736
505 316 592 378 34
1009 282 1978 352 GENESIS.

506 430 783 487 Hoscheam,
821 433 855 457 ‘⁸
892 427 1017 493 Qia
1041 426 1104 474 illi
1129 424 1421 473 ascenderunt
1445 423 1688 485 Assyriam,
1726 424 1899 484 Onager
1910 421 2136 486 solitarizts
2159 420 2256 481 fibi,
2281 422 2505 487 Ephraim

509 505 542 527 “
580 497 784 546 mercede
825 495 1073 544 meretricia
1108 494 1423 557 expetiverunt
1459 490 1684 545 amores,’'
1722 504 1853 536 vlu:
1883 507 1929 554 9,
1975 488 2035 534 ibi
2061 489 2118 536 de
2139 488 2293 541 Israele
2316 490 2390 537 seu
2414 491 2504 539 Ec-

508 565 636 613 clefia
668 560 914 628 spirituali,
951 560 1171 624 Ephraim
1212 574 1296 621 pro
1339 555 1621 603 intellectuali
1658 553 1784 619 ejus3
1821 554 2050 602 ascendere
2074 556 2300 619 Assyriam
2331 573 2416 620 pro
2440 573 2507 604 ra·

509 633 713 679 tiocinari
753 630 810 677 de
846 644 955 674 vero
995 642 1107 675 num
1149 639 1342 679 verum,
1379 637 1547 685 onager
1587 621 1806 670 solitarius
1846 638 1932 686 pro
1966 622 2169 669 rationali
2199 622 2259 670 fic
2293 622 2509 671 destituto

511 700 659 746 veris:
696 696 816 760 apud
841 693 1073 749 Eundem,
1111 697 1146 718 “
1183 692 1309 754 Qia
1332 689 1406 736 ille
1439 691 1553 736 inter
1571 689 1743 751 fratres
1767 688 1884 749 sicut
1909 690 2082 752 Onager
2111 689 2210 746 erit,
2246 690 2396 736 veniet
2419 691 2509 737 ori-

515 771 549 792 “
584 765 737 811 entalis
766 774 928 809 ventus
953 759 1144 821 Jehovae
1177 774 1202 804 a
1235 754 1407 803 deserto
1436 755 1690 813 ascendens,
1724 755 1773 803 ὅτ
1798 754 2015 804 exarescet
2047 754 2272 819 scaturigo
2311 754 2423 819 ejus,
2461 757 2511 805 ὅτ

516 837 549 858 “
585 829 875 878 exsiccabitur
899 826 1001 874 fons
1025 823 1136 889 ejus,
1173 824 1245 876 ille
1270 821 1606 886 depraedabitur
1625 821 1883 869 thesaurum
1907 823 2118 870 omnium
2151 821 2362 870 vasorum
2395 822 2510 870 defi-

517 902 550 924 “
587 898 747 952 derii,”
784 911 917 942 xm:
951 910 1022 955 15.
1060 891 1138 937 ubi
1163 891 1220 937 de
1243 889 1484 953 Ephraim,
1521 903 1600 951 per
1639 903 1779 951 quern
1819 887 2114 935 intellectuale
2137 889 2352 936 Ecclesiae
2386 888 2513 953 spiri-

516 963 647 1011 tualis
690 963 981 1026 fignificatur,
1019 956 1146 1020 cujus
1170 956 1376 1004 rationale
1400 955 1513 1003 ficut
1535 969 1717 1017 onager,
1754 953 1811 1000 de
1851 951 1979 1017 cujus
2015 955 2294 1019 diflipatione
2333 957 2513 1018 agitur:

515 1031 637 1094 apud
677 1028 922 1083 Davidem,
976 1031 1009 1052 “
1046 1023 1252 1086 Jehovah
1286 1023 1414 1070 Deus
1459 1023 1638 1068 emittet
1676 1019 1822 1068 fontes
1862 1021 1909 1067 in
1953 1020 2136 1079 fluvios,
2185 1022 2300 1068 inter
2338 1032 2517 1068 montes

519 1102 554 1123 “
590 1097 736 1151 ibunt,
773 1106 938 1158 potum
962 1091 1169 1156 praebent
1191 1090 1319 1139 omni
1342 1087 1451 1135 ferae
1474 1103 1708 1151 agrorum,
1743 1085 1961 1150 frangunt
1983 1088 2153 1151 Onagri
2184 1087 2304 1135 sitim
2340 1087 2516 1144 suam,”

517 1160 666 1210 Psalm
688 1182 693 1207 :
725 1177 810 1208 ειν
830 1179 840 1208 :
876 1176 947 1208 10.
984 1178 997 1205 1
1017 1177 1052 1205 1.
1090 1155 1236 1205 fontes
1260 1171 1345 1220 pro
1368 1154 1734 1219 cognitionibus,
1759 1151 1868 1202 ferae
1890 1168 2107 1218 agrorum
2129 1159 2215 1219 pro
2238 1153 2385 1212 bonis,
2409 1170 2518 1208 ona·

518 1230 589 1292 gri
613 1245 697 1292 pro
720 1229 837 1275 veris
862 1226 1058 1273 rationis.

594 1313 646 1358 κ)
655 1313 730 1357 50.
768 1293 915 1356 Qod
942 1308 1100 1339 manus
1123 1288 1216 1352 ejus
1241 1291 1287 1336 in
1313 1304 1488 1345 omnes,
1524 1286 1747 1350 significet
1769 1286 1898 1349 quod
1921 1297 2238 1349 pugnaturum
2263 1298 2423 1335 contra
2444 1286 2524 1335 illa

518 1377 582 1424 qu
598 1379 624 1406 e
651 1378 742 1407 non
767 1376 903 1414 vera,
940 1359 989 1405 ὅτ
1012 1373 1173 1404 manus
1195 1357 1407 1404 omnium
1431 1358 1478 1402 in
1501 1370 1627 1412 eum,
1662 1353 1886 1417 significet
1902 1352 2030 1416 quod
2062 1350 2167 1399 falsa
2195 1365 2519 1417 repugnatura,

518 1427 688 1474 constat
728 1442 783 1473 ex
821 1442 877 1472 eo
914 1425 1041 1488 quod
1080 1440 1161 1488 per
1184 1422 1418 1470 Ismaelem
1458 1420 1735 1485 significetur
1756 1419 1935 1466 Verum
1973 1418 2185 1478 rationale
2222 1418 2473 1483 separatum
2496 1436 2524 1468 a

520 1495 668 1550 Bono,
705 1506 757 1540 ut
780 1493 972 1548 dietum,
1011 1491 1067 1537 de
1091 1507 1187 1554 quo
1207 1490 1332 1537 Vero
1365 1504 1473 1536 cum
1499 1487 1776 1552 praedicatur
1797 1485 1924 1551 quod
1950 1502 2111 1533 manus
2134 1484 2230 1550 ejus
2262 1488 2310 1534 in
2342 1502 2521 1544 omnes,

523 1561 571 1608 &
600 1562 811 1606 omnium
835 1560 881 1605 in
905 1573 1031 1614 eum,
1068 1556 1240 1605 constat
1262 1555 1390 1620 quod
1415 1554 1489 1602 illa
1511 1553 1835 1617 significentur.
1905 1553 2051 1616 Supra
2089 1553 2357 1611 indicatum,
2393 1554 2523 1616 quod

523 1643 603 1690 per
627 1627 888 1674 Abramum
918 1622 1259 1688 repraesentetur
1279 1622 1474 1670 Domini
1495 1621 1705 1669 Internus
1727 1621 1914 1677 Homo,
1949 1619 2023 1667 seu
2047 1619 2176 1684 quod
2199 1620 2341 1678 idem,
2377 1619 2523 1683 Ipsius

522 1693 753 1740 Divinum
799 1690 979 1739 coeleste
1020 1691 1070 1738 &
1109 1688 1369 1754 spirituale,
1421 1705 1503 1752 per
1536 1687 1712 1736 Isaeum
1749 1687 1944 1739 Domini
1987 1687 2178 1735 Interior
2216 1687 2401 1743 Homo,
2447 1685 2523 1734 seu

441 1779 443 1781 ·
521 1759 665 1822 Ipsius
688 1759 916 1806 Divinum
940 1757 1177 1805 Rationale
1194 1778 1210 1813 ·,
1229 1760 1325 1819 ‘per
1348 1755 1577 1816 Jacobum
1597 1754 1793 1802 Domini
1815 1752 2027 1801 Exterior
2059 1753 2244 1811 Homo,
2281 1752 2354 1800 seu
2377 1752 2523 1817 Ipfius
2572 1783 2583 1791 ·

522 1826 750 1872 Divinum
775 1823 992 1872 Naturale
1013 1845 1027 1879 3
1065 1823 1137 1870 hic
1162 1824 1312 1886 agitur
1335 1822 1393 1868 de
1412 1820 1658 1877 Rationali‚
1694 1818 1825 1883 quale
1856 1818 1975 1867 foret
2003 1819 2083 1866 nifi
2115 1820 2318 1867 uniretur
2339 1820 2525 1867 Interno

523 1890 598 1939 seu
621 1891 798 1938 Divino
826 1889 998 1937 coelesti
1027 1889 1078 1936 ὅτ
1101 1888 1351 1953 spirituali;
1386 1887 1514 1951 quod
1537 1885 1794 1943 Rationale,
1829 1887 1937 1950 quia
1969 1897 2174 1934 naturam
2198 1886 2336 1934 traxit
2371 1902 2396 1934 a
2430 1886 2527 1934 vita

524 1957 768 2007 affectionis
805 1955 1103 2012 scientiarum,
1138 1955 1226 2003 hoc
1265 1955 1345 2012 est,
1381 1955 1437 2002 ab
1472 1954 1661 2018 Hagare
1683 1954 1908 2017 AEgyptia
1943 1951 2102 2000 ancilla
2131 1953 2276 2010 Sarai,
2327 1952 2380 2001 ὅτ
2424 1951 2526 2016 haec

526 2025 621 2071 vita
642 2036 733 2070 erat
755 2023 945 2070 Externi
969 2022 1184 2079 hominis,
1221 2038 1327 2086 quae
1344 2038 1377 2069 a
1398 2022 1594 2069 Domini
1627 2031 1769 2068 matre
1792 2019 2131 2068 haereditarium
2156 2018 2328 2077 habuit,
2366 2030 2528 2076 contra

528 2090 658 2153 quod
689 2088 1009 2152 pugnandum,
1046 2093 1093 2139 &
1119 2089 1247 2152 quod
1283 2087 1623 2152 expellendum,
1660 2087 1767 2136 ideo
1787 2085 2042 2144 Rationale,
2078 2084 2359 2143 describitur,
2394 2085 2528 2149 quale

529 2155 661 2212 foret,
698 2156 730 2202 s1
767 2154 928 2218 absque
963 2156 1095 2201 Bono
1132 2154 1368 2209 rationali;
1404 2154 1480 2201 sed
1515 2153 1759 2217 postquam
1784 2152 2014 2201 Dominus
2044 2151 2382 2201 haereditarium
2411 2151 2529 2200 illud

530 2238 610 2287 per
632 2237 809 2286 pugnas
833 2222 1135 2268 tentationum
1159 2221 1207 2267 ὅτ
1231 2219 1460 2275 victorias,
1495 2219 1771 2273 humiliavit,
1807 2218 1882 2264 seu
1912 2219 2070 2265 afflixit
2091 2219 2141 2266 ὅτ
2165 2216 2440 2282 subjugavit,
2476 2218 2529 2267 &

530 2289 783 2335 vivificavit
814 2287 962 2350 ipsum
1004 2286 1134 2334 suum
1158 2285 1396 2333 Rationale
1417 2287 1548 2332 Bono
1568 2284 1760 2341 Divino,
1797 2295 1908 2332 tunc
1938 2284 1993 2332 fit
2024 2283 2139 2331 illud
2161 2284 2325 2341 Isacus,
2359 2284 2433 2332 seu
2457 2299 2526 2331 re·

531 2354 823 2419 praesentatur
843 2370 923 2417 per
943 2352 1133 2410 Isaeum,
1169 2351 1348 2400 Ismaele
1372 2368 1396 2398 e
1419 2351 1581 2408 domo,
1603 2367 1693 2398 una
1715 2366 1825 2399 cum
1842 2350 2030 2414 Hagare
2054 2361 2196 2398 matre
2219 2348 2333 2414 ejus,
2367 2348 2528 2414 ejecto.

531 2423 686 2469 Omne
712 2420 947 2467 Rationale
976 2420 1227 2482 genuinum
1262 2418 1434 2466 constat
1473 2434 1531 2465 ex
1571 2417 1695 2465 bono
1727 2418 1775 2465 ὅτ
1809 2433 1936 2475 ver0,
1970 2417 2058 2464 hoc
2079 2416 2161 2474 est,
2196 2432 2255 2464 ex
2281 2415 2452 2464 coelesti
2475 2417 2528 2465 &

466 2511 469 2514 >
533 2487 778 2552 spirituali3
817 2488 998 2534 Bonum
1039 2484 1113 2533 seu
1153 2485 1350 2542 coeleste,
1385 2484 1449 2532 est
1495 2483 1588 2548 ipsa
1626 2486 1776 2532 anima
1811 2481 1884 2530 seu
1920 2483 2015 2531 vita
2053 2482 2189 2540 illius,
2233 2483 2413 2531 Verum
2451 2481 2529 2530 seu

534 2554 756 2618 spirituale
779 2552 842 2600 est
865 2551 992 2616 quod
1017 2552 1121 2599 inde
1145 2553 1288 2599 vitam
1313 2550 1435 2599 suam
1467 2553 1661 2615 accipit,
1698 2549 1938 2598 Rationale
1977 2549 2138 2613 absque
2178 2550 2275 2597 vita
2309 2565 2367 2597 ex
2404 2549 2531 2596 bono

531 2620 722 2677 coelesti,
757 2619 820 2666 est
843 2619 958 2666 sicut
980 2618 1053 2665 hic
1077 2617 1355 2675 describitur,
1380 2618 1508 2681 quod
1531 2629 1699 2680 nempe
1721 2629 1899 2682 pugnet
1921 2628 2078 2663 contra
2100 2632 2275 2673 omnes,
2300 2616 2350 2663 ὅτ
2374 2625 2533 2664 contra

535 2687 647 2733 illud
673 2698 880 2750 pugnent
908 2701 1096 2733 omnes:
1133 2686 1317 2733 Bonum
1356 2683 1566 2732 rationale
1603 2683 1823 2747 nusquam
1854 2695 2051 2746 pugnat,
2085 2695 2319 2745 utcunque
2341 2683 2531 2745 impug-

534 2765 681 2808 natur,
717 2754 824 2815 quia
847 2754 957 2799 mite
980 2751 1043 2799 est
1065 2752 1114 2799 ὅτ
1140 2752 1354 2808 clemens,
1391 2752 1563 2814 patiens
1587 2751 1635 2798 ὅτ
1660 2750 1842 2807 cedens,
1877 2766 1984 2797 nam
2013 2748 2077 2796 est
2099 2750 2263 2795 amoris
2286 2750 2341 2795 ὅτ’
2361 2746 2530 2794 miseri-

536 2818 737 2873 cordiae,
773 2819 823 2865 ὅτ
856 2818 1030 2865 tametfi
1068 2833 1160 2864 non
1183 2829 1376 2881 pugnat,
1415 2818 1554 2880 usque
1586 2833 1746 2864 omnes
1771 2817 1927 2871 vincit,
1963 2830 2047 2862 nec
2077 2813 2264 2878 usquam
2293 2813 2351 2860 de
2373 2829 2533 2877 pugna

534 2886 723 2947 cogitat,
760 2900 841 2931 nec
882 2884 938 2930 de
976 2884 1164 2930 vietoria
1195 2883 1430 2947 gloriatur,
1468 2886 1517 2930 ὅτ
1541 2883 1628 2930 hoc
1650 2884 1757 2946 quia
1779 2882 2006 2929 Divinum
2032 2879 2111 2936 est,
2147 2880 2197 2927 ὅτ
2229 2891 2386 2927 tutum
2423 2897 2448 2927 a
2471 2880 2531 2928 Se

535 2951 655 3014 Ipso,
692 2965 797 2997 nam
822 2950 1001 2997 nullum
1027 2950 1200 2997 malum
1223 2949 1370 3014 potest
1393 2949 1580 3013 aggredi
1605 2951 1804 3003 Bonum,
1841 2963 1898 2994 ne
1921 2945 2112 3010 quidem
2136 2945 2282 3009 potest
2305 2945 2530 2993 subsistere

536 3020 583 3065 in
609 3016 782 3080 sphaera
809 3015 887 3062 ubi
912 3018 1113 3072 Bonum,
1149 3032 1260 3064 cum
1289 3016 1433 3064 modo
1463 3016 1769 3078 approximat,
1805 3012 1978 3060 malum
2002 3028 2058 3059 ex
2093 3011 2133 3059 se
2156 3013 2324 3060 recedit
2347 3014 2395 3060 ὅτ
2421 3012 2530 3059 rela-

537 3084 674 3140 bitur,
711 3099 815 3129 nam
855 3082 1030 3128 malum
1067 3082 1130 3129 est
1169 3080 1398 3140 infernale,
1434 3082 1617 3128 Bonum
1648 3079 1711 3127 est
1744 3078 1949 3127 coeleste:
1987 3078 2188 3127 similiter
2220 3077 2311 3126 fere
2334 3077 2377 3125 se
2399 3079 2533 3127 habet

536 3166 645 3197 cum
685 3148 855 3196 coelesti
893 3147 1124 3211 spirituali,
1162 3148 1248 3195 hoc
1280 3148 1361 3205 est,
1397 3164 1506 3195 cum
1529 3148 1654 3195 Vero
1677 3163 1732 3194 ex
1756 3146 1925 3193 coelesti
1948 3147 2140 3209 origine,
2176 3145 2249 3193 seu
2274 3161 2382 3192 curn
2405 3139 2545 3192 Vero*

537 3217 663 3279 quod
687 3214 750 3263 est
773 3231 827 3261 ex
848 3216 995 3271 Bono,
1034 3230 1140 3263 nam
1164 3214 1251 3262 hoc
1275 3231 1440 3262 verum
1463 3213 1529 3261 est
1551 3230 1713 3261 verum
1751 3211 2002 3260 formatum
2034 3229 2059 3259 a
2083 3214 2230 3268 Bono,
2266 3212 2324 3259 fic
2354 3223 2407 3259 ut
2439 3211 2532 3258 dici

535 3297 668 3340 queat
691 3280 841 3332 forma
862 3281 971 3330 boni
991 3304 1005 3338 3
1042 3280 1117 3330 sed
1140 3282 1320 3331 Verum
1343 3280 1592 3345 separatum
1614 3297 1639 3329 a
1662 3283 1811 3338 Bone,
1845 3279 1972 3343 quod
1997 3279 2067 3327 hic
2094 3277 2436 3392 repraesenstaturl
2450 3292 2531 3339 per

2277 3346 2299 3394 1
2319 3359 2418 3392 mae
2437 3358 2530 3401 em,
