2826 3736
491 259 571 300 20
989 238 1964 307 GENESIS.

557 386 692 432 1919.
729 371 863 418 Dixit
896 370 1072 419 Abram
1111 372 1166 419 ad
1201 372 1336 429 Sarai,
1372 371 1499 436 quod
1539 371 1762 435 significet
1800 374 2158 436 perceptionem,
2208 374 2379 425 constat
2417 377 2476 426 ab

483 436 568 483 illis
591 453 696 500 que
723 436 850 501 supra
873 454 932 485 n:
968 443 1106 500 1898,
1143 438 1262 485 dicta
1285 438 1414 486 sunt:
1453 439 1689 501 Perceptio
1711 439 1907 486 Domini
1946 440 2255 502 repraesentata
2293 440 2381 491 fuit
2420 443 2470 491 δε

482 503 555 549 hic
582 503 854 566 significatur
888 521 967 566 per
990 506 1054 560 id,
1091 505 1217 567 quod
1244 504 1420 551 Abram
1445 504 1562 551 dixit
1584 504 1640 551 ad
1660 505 1797 562 Sami,
1833 503 1907 551 sed
1931 506 2163 568 Cogitatio
2194 522 2252 552 ex
2284 523 2471 572 percep-

480 570 603 616 tione
645 586 725 633 per
760 570 823 624 id,
860 571 986 632 quod
1011 571 1128 617 Sarai
1159 570 1276 616 dixit
1308 570 1361 616 ad
1387 569 1599 626 Abram·,
1637 571 1876 634 Perceptio
1899 583 1991 618 erat
2012 587 2069 618 ex
2090 587 2182 634 qua
2203 573 2469 635 Cogitati03

481 638 557 699 qui
584 637 628 682 in
653 637 938 699 perceptione
963 635 1079 692 sunt,
1116 652 1208 683 non
1239 635 1418 683 aliunde
1450 637 1683 699 cogitant,
1721 636 1797 684 sed
1832 635 1969 700 usque
2006 638 2238 702 perceptio
2261 638 2325 685 est
2346 640 2472 687 aliud

482 718 620 764 quam
646 703 893 765 cogitati0;
931 715 982 748 ut
1022 701 1181 748 sciatur
1219 701 1344 764 quod
1387 702 1526 758 aliud,
1562 702 1632 759 fit,
1669 703 1724 750 ad
1763 702 2119 761 illustrationem,
2156 702 2470 764 Conscientia3

481 767 764 815 Conscientia
803 767 865 815 est
902 768 1134 831 quoddam
1176 767 1401 814 dictamen
1438 783 1702 825 commune,
1740 770 1802 816 ita
1824 768 2085 827 obscurum,
2122 769 2325 827 illorum,
2361 787 2470 835 quae

396 864 399 865 ν
478 836 675 880 influunt
710 850 790 897 per
814 834 974 881 Coelos
1005 850 1031 880 a
1052 834 1276 891 Domino,
1312 849 1418 896 quae
1442 834 1655 890 influunt,
1691 834 1848 882 fistunt
1887 835 1930 882 se
1962 836 2008 882 in
2046 836 2245 883 interiori
2268 838 2471 886 rationali

479 899 679 957 homine,
716 903 766 947 ὅτ
791 900 852 946 ibi
876 900 988 947 ficut
1011 901 1057 947 in
1083 899 1217 956 nube,
1253 915 1359 963 quae
1383 900 1523 946 nubes
1547 898 1610 947 est
1630 915 1687 947 ex
1707 901 1975 964 apparentiis
1993 902 2042 948 ὅτ
2066 899 2246 949 fallaciis
2270 902 2328 951 de
2351 905 2470 952 veris

478 969 528 1014 &
563 966 691 1013 bonis
728 966 868 1022 fidei;
905 967 1136 1028 Cogitatio
1174 981 1285 1013 vero
1323 965 1530 1013 distincta
1567 964 1630 1012 est
1664 982 1689 1012 a
1712 965 2011 1023 Conscientia,
2048 965 2123 1013 sed
2158 967 2259 1015 fluit
2295 985 2321 1016 a
2342 970 2470 1017 Con-

477 1031 670 1089 scientia,
699 1042 808 1080 ‘nam
835 1033 915 1095 qui
938 1031 1254 1080 conscientiam
1277 1031 1457 1089 habent,
1482 1031 1729 1080 secundum
1751 1031 1876 1080 illam
1900 1034 2104 1095 cogitant
2126 1033 2177 1080 &
2199 1033 2468 1097 loquuntur,

475 1097 628 1162 estque
652 1099 867 1162 cogitatio
890 1099 971 1144 vix
993 1098 1115 1146 aliud
1139 1113 1276 1162 quam
1303 1098 1543 1162 explicatio
1573 1097 1758 1145 illorum
1794 1114 1901 1162 quae
1940 1099 2043 1146 sunt
2066 1098 2382 1158 Conscientiae,
2419 1103 2471 1150 δε

475 1164 535 1211 fic
576 1164 759 1212 illorum
800 1165 980 1228 partitio
1018 1166 1065 1211 in
1105 1165 1244 1221 ideas,
1279 1165 1332 1211 ὅτ
1369 1163 1474 1211 dein
1511 1165 1557 1210 in
1595 1179 1764 1221 voces,
1802 1164 1906 1212 inde
1944 1163 2024 1221 est,
2059 1164 2205 1228 quod,
2240 1168 2320 1230 qui
2359 1183 2470 1216 con·-

475 1230 701 1278 scientiam
735 1231 913 1287 habent,
950 1243 1183 1278 teneantur
1214 1247 1239 1277 a
1259 1232 1466 1277 Domino
1507 1241 1559 1276 ut
1596 1231 1799 1293 cogitant
1839 1230 1953 1278 bene
1986 1231 2044 1278 de
2066 1232 2296 1294 proximo,
2334 1235 2495 1297 atque,

474 1297 755 1345 detineantur
794 1315 819 1345 a
856 1297 1103 1360 cogitando
1144 1296 1292 1352 male;
1328 1311 1463 1359 quare
1499 1295 1782 1343 Conscientia
1821 1296 2043 1359 nusquam
2082 1297 2242 1344 dabilis
2281 1297 2347 1345 est
2385 1300 2470 1348 nifi

473 1364 594 1424 apud
627 1363 724 1410 illos
749 1365 828 1426 qui
852 1375 1002 1410 amant
1024 1366 1292 1426 proximum
1313 1362 1428 1410 sicut
1457 1361 1613 1418 semet,
1649 1362 1700 1409 ὅτ
1724 1361 1836 1409 bene
1859 1364 2064 1426 cogitant
2085 1361 2143 1409 de
2177 1363 2294 1411 veris
2322 1364 2433 1413 fidei
2454 1385 2472 1415 .-

471 1444 527 1475 ex
551 1429 688 1475 allatis
712 1428 909 1476 constare
939 1429 1100 1493 potest,
1135 1445 1242 1493 quae
1266 1429 1518 1476 differentia
1542 1428 1606 1475 est
1628 1427 1910 1476 conscientiae
1932 1430 1984 1476 δι’
2006 1429 2310 1491 cogitationis,
2345 1431 2469 1479 unde

472 1494 568 1542 sciri
606 1494 751 1558 potest
785 1512 889 1558 quae
926 1495 1177 1543 differentia
1211 1496 1512 1559 perceptionis
1548 1494 1599 1542 δε
1640 1495 1943 1557 cogitationis.
2014 1495 2252 1559 Perceptio
2274 1497 2472 1544 Domini

472 1558 558 1608 fuit
598 1561 858 1608 immediate
893 1577 950 1608 ex
973 1561 1195 1622 Jehovah,
1233 1564 1292 1609 ita
1327 1577 1384 1608 ex
1411 1561 1589 1608 Divino
1612 1562 1760 1618 Bono,
1797 1561 2032 1624 Cogitatio
2070 1573 2225 1609 autem·
2261 1578 2318 1609 ex
2341 1563 2468 1612 Vero

468 1627 758 1675 intellectuali
797 1628 848 1675 &
884 1625 978 1691 ejus
1012 1627 1264 1684 affectione,
1300 1640 1353 1675 ut
1386 1626 1518 1692 supra
1547 1644 1604 1675 n:
1638 1641 1777 1689 1904.
1808 1643 1947 1689 1914.
1984 1626 2190 1675 diffisum:
2226 1628 2468 1693 Perceptio

472 1693 639 1741 Divina
667 1695 872 1749 Domini,
910 1710 1003 1741 non
1043 1693 1190 1757 aliqua
1229 1694 1342 1752 idea,
1378 1710 1435 1741 ne
1471 1694 1662 1757 quidem
1703 1693 1923 1757 angelica,
1958 1694 2058 1757 capi
2097 1692 2262 1757 potest,
2298 1695 2359 1742 ita
2381 1712 2463 1743 nec

469 1758 687 1816 describi,
724 1761 969 1823 Perceptio-
987 1760 1294 1822 Angelorum,
1331 1760 1388 1807 de
1427 1776 1518 1824 qua
1540 1776 1602 1808 n:
1633 1765 1758 1823 1384
1781 1760 1869 1824 seq:
1902 1775 2040 1824 1394.
2071 1773 2213 1824 1395,
2265 1762 2348 1807 vix
2385 1762 2462 1808 ali—

467 1825 578 1888 quid
618 1826 680 1872 est
713 1825 954 1888 respective
977 1825 1035 1872 ad
1059 1827 1422 1890 Perceptionem,
1458 1841 1565 1889 quae
1600 1824 1688 1872 fuit
1710 1827 1954 1881 Domino;
1991 1827 2229 1889 Perceptio
2251 1826 2464 1886 Domini,

466 1893 572 1954 quia
594 1892 780 1948 Divina,
817 1891 905 1939 fuit
939 1893 1150 1940 omnium
1189 1909 1295 1956 quae
1333 1894 1379 1939 in
1404 1892 1568 1948 Coelis,
1603 1894 1657 1941 δε
1693 1894 1802 1956 quia
1839 1892 2052 1939 omnium
2083 1907 2190 1954 quae
2227 1893 2276 1939 in
2298 1893 2464 1951 Cedis,

465 1958 551 2005 suit
574 1959 783 2005 omnium
811 1974 915 2020 quae
940 1960 987 2005 in
1020 1960 1165 2016 terris,
1202 1958 1318 2006 ordo
1350 1959 1472 2006 enim
1509 1957 1574 2006 est
1605 1957 1725 2015 talis,
1758 1973 1917 2015 nexuS,
1950 1958 2002 2005 ὅτ
2042 1958 2254 2014 influxus,
2290 1970 2351 2006 ut·
2371 1960 2468 2023 “qui

462 2025 513 2072 ‘in
538 2023 719 2071 illorum
745 2026 1032 2088 perceptione
1065 2024 1145 2081 est,
1182 2026 1320 2072 etiam
1354 2026 1403 2072 in
1443 2025 1611 2072 horum
1652 2024 1735 2072 fit:
1773 2036 1817 2072 at
1852 2023 2094 2089 postquam
2117 2024 2340 2072 Humana
2360 2025 2462 2074 Do-

467 2091 582 2137 mini
605 2091 800 2137 Effentia
831 2093 958 2138 unita
993 2089 1108 2138 facia
1149 2092 1333 2138 Divinae
1371 2091 1531 2155 Ipsius,
1580 2091 1630 2139 δι
1668 2090 1799 2138 simul
1825 2090 2049 2152 Jehovah,
2084 2100 2195 2137 tunc
2229 2090 2462 2139 Dominus

422 2180 425 2181 ⁷
467 2156 597 2220 fupra
620 2156 750 2212 illud,
786 2156 914 2219 quod
936 2157 1170 2219 perceptio
1190 2156 1374 2214 dicitur,
1409 2155 1515 2213 fuit,
1550 2158 1657 2220 quia
1688 2156 1820 2220 supra
1857 2157 2066 2204 ordinem
2102 2157 2183 2219 qui
2226 2157 2273 2203 in
2296 2157 2461 2214 Coelis,

465 2224 516 2271 &
563 2223 667 2270 inde
714 2223 760 2268 in
807 2223 967 2278 terris;
1026 2221 1098 2268 est·
1129 2222 1353 2282 Jehovah,
1412 2238 1438 2268 a
1478 2223 1592 2285 Qo
1638 2222 1779 2278 ordo,
1839 2222 1944 2268 inde
1990 2222 2082 2268 dici
2127 2221 2276 2285 potest
2332 2223 2463 2285 quod

467 2290 670 2350 Jehovah
694 2289 749 2335 sit
778 2288 868 2352 ipse
892 2289 1041 2345 Ordo,
1077 2304 1102 2335 a
1125 2289 1180 2334 Se
1203 2287 1306 2350 Ipso
1329 2288 1451 2334 enim
1475 2288 1592 2350 regit
1615 2288 1841 2344 ordinem,
1878 2303 1970 2334 non
2002 2298 2053 2333 ut
2075 2298 2276 2351 putatur,
2312 2287 2460 2336 solum

466 2358 513 2402 in
539 2355 787 2411 universali,
824 2354 897 2401 fed
939 2356 988 2401 δε
1030 2356 1078 2402 in
1115 2353 1466 2417 singulariffimis
1493 2376 1507 2410 3
1536 2353 1876 2416 fingulariffima
1916 2353 2039 2400 enim
2078 2351 2181 2399 fimt
2213 2369 2271 2399 ex
2291 2352 2458 2416 quibus

466 2421 746 2477 Universale,
785 2421 934 2467 dicere
966 2419 1212 2467 universale
1246 2422 1294 2466 δε
1330 2420 1435 2467 inde
1471 2419 1666 2486 separare
1706 2419 1960 2482 singularia,
1996 2416 2117 2465 foret
2146 2433 2238 2465 non
2262 2419 2384 2465 aliud
2407 2421 2475 2467 ac>

467 2487 614 2534 dicere
637 2499 788 2534 totum
815 2489 861 2533 in
885 2503 978 2550 quo
1011 2486 1151 2533 nullae
1180 2497 1342 2550 partes,
1379 2486 1438 2533 fic
1464 2485 1610 2533 dicere
1634 2484 1805 2548 aliquid
1828 2485 1875 2531 in
1898 2501 1992 2548 quo
2016 2483 2163 2540 nihil·,
2199 2486 2259 2531 ita
2291 2482 2457 2531 falfiffi-

468 2569 618 2610 mum,
654 2555 704 2601 &
729 2553 842 2600 ficut
864 2565 1068 2609 vocatur,
1103 2569 1180 2599 ens
1204 2554 1385 2599 rationis
1407 2551 1486 2608 est,
1522 2552 1688 2608 dicere,
1724 2551 1852 2614 quod
1876 2549 2170 2598 Providentia
2183 2551 2380 2597 Domini
2403 2551 2458 2598 fit

467 2619 743 2676 universaliS,
779 2620 827 2665 ὅτ
867 2636 959 2666 non
991 2619 1457 2682 fingulariffimorum,
1495 2634 1600 2664 narn
1629 2617 1868 2681 providere
1897 2619 1946 2665 &
1969 2632 2119 2678 regere
2151 2616 2200 2662 in
2223 2615 2465 2664 universali

466 2686 517 2732 δτ
558 2703 647 2733 non
689 2688 734 2732 in
769 2686 1136 2748 fingulariffimis‚
1172 2684 1234 2731 est
1257 2684 1435 2746 prorsus
1470 2683 1581 2731 nihil
1604 2683 1843 2747 providere
1862 2683 1911 2730 &
1936 2698 2114 2745 regere:
2152 2681 2239 2729 hoc
2260 2681 2457 2746 philoso-

468 2751 599 2814 phice
622 2768 784 2799 verum
809 2752 888 2807 est,
923 2751 997 2798 sed
1031 2750 1168 2814 usque
1207 2753 1395 2808 mirum,
1422 2750 1559 2815 'quod
1593 2749 1676 2815 ipfi
1699 2747 1961 2813 Philosophi
1996 2749 2132 2796 etiam
2175 2747 2464 2797 sublimiores*

466 2819 591 2865 aliter
613 2819 796 2882 capiunt
813 2819 862 2865 &
879 2817 1004 2864 aliter
1025 2820 1243 2880 cogitent.
1467 2814 1470 2816 ’
1628 2815 1631 2816 ’
1911 2874 1914 2875 ⁷

550 2899 680 2946 2920.
719 2885 841 2931 Ecce
878 2883 1035 2931 ancilla
1071 2896 1150 2929 tua
1186 2885 1238 2929 in*
1273 2899 1411 2930 manu
1438 2895 1530 2940 tua,
1566 2882 1694 2948 quod
1716 2880 1941 2945 significet
1961 2878 2200 2927 Rationale
2222 2878 2319 2926 hoc*
2343 2893 2468 2926 con—-

471 2963 657 3014 ceptum
693 2951 775 2996 effe
811 2948 892 2995 sub
931 2948 1145 3012 potestate
1178 2949 1426 2997 affeffionis
1450 2952 1547 2997 veri
1578 2947 1779 3011 adjunfiti
1810 2945 1948 3003 bono,
1970 2945 2158 3000 ,constat
2181 2961 2206 2992 a
2229 2944 2450 3007 fignifica-

469 3020 589 3064 εὶοῃΞ
633 3032 808 3072 manus,
858 3016 985 3081 quod
1022 3015 1076 3061 fit
1114 3015 1328 3078 potestas,
1357 3016 1414 3062 de
1449 3031 1542 3077 qua
1579 3016 1703 3077 prius
1743 3029 1799 3060 n:
1829 3017 1940 3076 878,
1975 3012 2026 3058 δε
2047 3027 2106 3058 ex
2125 3010 2453 3074 significatione

473 3084 671 3147 Hagaris
694 3084 921 3146 AEgypti'a
937 3117 961 3139 ‚x
986 3082 1111 3144 quod
1151 3082 1204 3128 lit
1241 3081 1427 3128 affectio
1451 3080 1750 3136 scientiarum,
1787 3078 1843 3124 de
1865 3078 2111 3142 qua-etiam
2138 3078 2290 3139 prius:
2328 3075 2460 3138 post--

470 3166 609 3212 quasn
628 3150 859 3196 Rationale
882 3165 961 3211 per
980 3148 1211 3194 influxum
1233 3148 1401 3194 Interni
1423 3148 1645 3194 Hominis
1667 3148 1715 3192 in
1734 3148 1876 3192 vitam
1901 3143 2146 3191 affectionis
2169 3142 2456 3190 scientiarum
2478 3147 2481 3149 ’

470 3217 717 3266 Exterioris
760 3227 1038 3280 conceptum
1080 3212 1162 3272 est,
1208 3225 1317 3261 tunc
1358 3230 1437 3279 per
1475 3213 1708 3263 Ancillam
1752 3213 1888 3262 etiam
1934 3210 2201 3275 intelligitur
2243 3220 2458 3323 teneiisnri

2386 3288 2415 3322 u
2451 3285 2454 3297 2
