2826 3736
618 287 976 369 CAPUT
1035 285 1560 351 DECIMUM
1607 283 2059 351 SEXTUM.
2278 307 2360 376 27

351 426 457 483 nali,
491 436 544 473 ut
568 423 791 489 nusquam
819 423 1019 487 aliquam
1046 421 1186 470 fidem
1210 423 1251 470 ei
1275 420 1380 469 dare
1413 421 1541 478 velit,
1579 419 1653 468 sed
1686 419 1827 485 usque
1848 418 1914 468 est
1935 417 2127 468 Verum.
2186 420 2366 471 Verum

349 495 582 541 Divinum
609 491 688 549 est,
724 492 853 556 quod
878 489 1100 554 nusquam
1124 489 1285 553 aliquis
1311 500 1622 536 remuneretur
1655 489 1702 535 in
1741 487 1876 535 altera
1904 488 2001 536 vita
2032 500 2220 552 propter
2252 489 2366 536 bene

350 560 462 616 acta,
498 559 532 606 fi
557 557 775 608 meritum
801 558 846 604 in
871 557 960 604 illis
984 555 1200 620 posuerit,
1236 557 1287 604 δε
1322 555 1356 603 fi
1380 554 1455 603 illa
1477 554 1635 602 fecerit
1656 554 1721 603 sui
1755 554 1886 612 lucri,
1922 555 2105 602 honoris
2145 556 2195 603 δε
2228 554 2366 608 farnae

351 627 508 675 causa:
546 627 596 674 &
621 626 748 690 quod
774 623 998 688 nusquam
1024 622 1183 687 aliquis
1206 623 1423 687 puniatur
1446 635 1632 687 propter
1656 621 1771 669 male
1811 622 1922 679 adsta,
1960 621 1994 670 fi
2033 638 2090 670 ex
2130 622 2240 671 fine.
2260 638 2366 669 vere

352 694 476 742 bono
499 695 659 757 egerit,
695 692 807 739 fines
851 690 955 738 sunt
991 691 1072 755 qui
1113 689 1385 754 spectantur,
1424 689 1529 737 inde
1562 689 1691 745 adta3
1727 689 1827 737 haec
1863 705 2050 753 quoque
2088 706 2114 737 a
2137 689 2368 737 Rationali

353 778 447 808 non
481 756 605 808 credi
629 760 827 824 poffun't,
864 757 939 806 sed
973 758 1080 822 quia
1112 756 1176 804 est
1216 773 1398 814 verum,
1434 773 1528 805 non
1568 755 1808 809 fidendum
1849 757 2070 812 rationali,
2107 757 2235 821 quod
2274 773 2366 805 non

353 844 413 876 ex
434 828 638 884 internis,
674 825 746 873 sed
771 826 826 873 ab
849 827 1042 872 externis
1081 824 1332 872 concludit.
1404 824 1580 871 Verum
1603 824 1834 871 Divinum
1871 823 2076 887 est,⁴qui
2114 826 2366 872 minimum

354 894 580 959 gaudium
605 895 651 941 in
677 893 815 941 altera
836 894 932 940 vita
954 891 1148 950 affeetu,
1185 891 1314 955 quod
1339 891 1374 938 is
1397 892 1589 955 accipiat
1612 907 1638 937 a
1659 891 1869 938 Domino
1895 893 2172 948 maximum,
2208 891 2259 939 &
2283 894 2365 956 qui

357 964 636 1018 maximum,
672 962 708 1008 is
731 959 887 1007 habeat
913 960 1197 1015 minimum3
1233 970 1337 1005 tum
1366 958 1494 1020 quod
1536 959 1582 1004 in
1623 957 1794 1021 gaudio
1833 956 2007 1005 coelesti
2048 958 2272 1022 nusquam
2312 959 2366 1006 sit

354 1027 530 1092 aliquid
567 1027 929 1092 praeeminentiae
966 1041 1064 1090 prae
1102 1025 1259 1080 altero,
1296 1025 1347 1071 δι
1386 1035 1611 1087 quantum
1645 1025 2022 1088 praeeminentiae,
2074 1037 2255 1072 tantum
2295 1026 2364 1073 in-

354 1096 504 1151 terni;
540 1106 643 1142 turn
682 1094 807 1158 quod
845 1095 892 1140 in
931 1093 1077 1155 gloria
1115 1089 1288 1138 coelesti
1323 1106 1379 1137 ne
1405 1090 1654 1138 minimum
1687 1090 1847 1153 gloriae
1872 1091 2121 1140 mundanae
2145 1092 2230 1145 sit;
2266 1093 2367 1140 haec

354 1177 541 1227 quoque
565 1160 795 1209 Rationali
829 1170 1103 1224 repugnant,
1140 1156 1212 1205 sed
1251 1154 1394 1221 usque
1433 1158 1674 1216 credenda,
1709 1159 1816 1221 quia
1855 1158 1957 1206 sunt
1995 1174 2113 1206 vera.
2186 1159 2364 1207 Verum

353 1244 540 1292 quoque
563 1227 793 1275 Divinum
822 1225 903 1284 est,
938 1225 1068 1290 quod
1100 1226 1205 1289 quis
1227 1240 1285 1272 eo
1320 1223 1556 1288 sapientior
1579 1223 1650 1281 s1t,
1685 1240 1782 1288 quo
1805 1225 1908 1288 plus
1932 1225 2077 1273 credit
2098 1225 2228 1290 quod
2254 1226 2364 1274 nihil

354 1294 581 1360 sapientiae
604 1310 630 1342 a
659 1292 718 1351 se,
753 1293 804 1340 ὅτ
828 1292 956 1356 quod
980 1309 1036 1341 eo
1060 1291 1271 1350 insanior,
1307 1307 1415 1356 quae
1437 1291 1540 1356 plus
1561 1291 1706 1339 credit
1725 1308 1750 1338 a
1783 1291 1841 1349 se,
1878 1293 1939 1340 ita
1977 1308 2073 1356 quo
2113 1293 2216 1357 plus
2255 1310 2361 1357 prua

353 1362 559 1409 dentiam
583 1360 665 1408 fibi
688 1360 769 1424 ipsi
793 1359 953 1407 tribuit
973 1381 988 1415 3
1024 1357 1264 1407 Rationale
1301 1358 1387 1406 hoc
1425 1374 1611 1423 quoque
1635 1369 1786 1423 negat,
1825 1361 1934 1423 quia
1955 1360 2084 1423 quod
2108 1376 2202 1409 non
2224 1375 2282 1408 ex
2304 1360 2362 1417 se,

353 1438 486 1492 putat
507 1427 591 1474 effe
615 1426 757 1475 nihil:
794 1426 900 1473 talia
920 1425 1085 1473 dantur
1106 1424 1451 1473 innumerabilia
1474 1449 1488 1482 3
1521 1441 1579 1472 ex
1602 1425 1706 1482 illis,
1744 1438 1797 1474 ut
1818 1427 1972 1490 paucis
1995 1428 2221 1492 exemplis
2254 1443 2362 1476 con-

351 1494 463 1543 stare
501 1492 666 1558 potest,
701 1493 830 1558 quod
870 1509 962 1540 non
997 1491 1239 1540 fidendum
1264 1493 1512 1550 Rationali,
1550 1508 1655 1540 nam
1680 1492 1918 1542 Rationale
1949 1492 2086 1540 estin
2109 1491 2289 1542 fallaciis
2313 1495 2364 1542 δε

348 1561 640 1627 apparentiis,
676 1576 812 1624 quare
835 1575 941 1607 vera
963 1557 1150 1607 fallaciis
1173 1559 1224 1607 &
1245 1561 1517 1624 apparentiis
1541 1559 1711 1607 nudata
1730 1557 1890 1624 rejicit,
1926 1560 1977 1607 &
2001 1576 2055 1607 eo
2080 1562 2243 1625 magis,
2267 1578 2365 1626 quo

348 1628 456 1692 plus
478 1629 525 1675 in
549 1643 702 1676 amore
724 1626 790 1674 sui
813 1628 863 1675 ὅτ
886 1624 984 1692 ejus
1007 1625 1335 1691 cupiditatibus
1357 1626 1437 1684 est,
1473 1627 1611 1690 inque
1634 1627 1896 1684 ratiociniis,
1932 1639 2034 1674 tum
2058 1629 2106 1674 in
2129 1629 2365 1693 principiis

349 1694 445 1743 falfi
468 1695 524 1742 de
548 1694 654 1742 fide.
724 1693 980 1742 Videantur
1001 1694 1140 1741 etiam
1161 1709 1269 1758 quae
1292 1691 1424 1758 supra
1446 1692 1591 1751 allata,
1628 1709 1687 1741 n:
1721 1710 1805 1759 191
1820 1712 1859 1742 1.

424 1776 565 1827 1937.
603 1761 750 1819 Quod
776 1761 967 1809 humilia
988 1773 1034 1809 te
1058 1760 1140 1808 sub
1163 1760 1374 1808 manibus
1399 1761 1538 1818 illius,
1574 1759 1800 1825 significet
1838 1760 1964 1825 quod
2007 1760 2048 1808 se
2089 1778 2253 1827 cogere
2285 1763 2364 1811 de«

351 1827 455 1876 beat
477 1841 531 1875 ut
552 1828 607 1876 fit
630 1827 712 1876 sub
736 1827 855 1876 illius
879 1826 1113 1892 potestate,
1149 1826 1324 1875 constat
1353 1827 1518 1891 absque
1555 1827 1856 1892 explicatione
1878 1846 1889 1876 :
1926 1828 2165 1876 humiliare
2204 1829 2246 1876 se
2285 1846 2365 1877 ex-

348 1895 568 1958 primitur
603 1896 649 1941 in
678 1894 839 1957 lingua
873 1894 1082 1958 originali
1119 1910 1200 1958 per
1234 1908 1419 1951 vocem,
1471 1910 1579 1958 quae
1619 1893 1843 1957 fignificat
1881 1894 2099 1958 affligere·,
2151 1896 2280 1959 quod
2320 1896 2362 1944 se

350 1962 549 2025 affligere
585 1961 634 2008 in
677 1959 799 2008 sensu
836 1961 1012 2008 interno
1052 1960 1106 2008 s1t
1145 1959 1187 2008 se
1230 1976 1409 2025 cogere,
1445 1976 1503 2008 ex
1523 1961 1732 2026 plurimis
1756 1962 1803 2007 in
1827 1961 1984 2008 Verbo
2018 1961 2129 2008 locis
2163 1962 2363 2010 constare

347 2027 513 2093 potest,
549 2027 607 2075 de
645 2043 738 2091 qua
776 2025 871 2092 ejus
918 2026 1245 2091 significatione
1285 2030 1333 2075 in
1373 2026 1672 2091 sequentibus.
1746 2027 1894 2092 Qiod
1934 2027 2078 2075 homo
2119 2027 2160 2076 se
2200 2045 2362 2093 cogere

347 2094 526 2152 debeat,
562 2093 621 2142 ad
659 2092 919 2142 faciendum
962 2094 1158 2152 bonum,
1193 2094 1249 2142 ad
1274 2094 1585 2142 obediendum
1617 2094 1703 2141 illis
1727 2110 1835 2158 quae
1869 2111 1894 2142 a
1917 2093 2126 2142 Domino
2151 2096 2362 2145 mandata

349 2159 471 2219 sunt,
507 2161 558 2210 &
587 2160 645 2208 ad
672 2160 958 2224 loquendum
983 2177 1106 2219 vera,
1141 2161 1270 2226 quod
1292 2160 1356 2209 est
1388 2162 1446 2208 ad
1479 2161 1816 2208 humiliandum
1844 2159 1886 2208 se
1909 2159 1991 2208 sub
2024 2162 2235 2211 manibus
2258 2165 2359 2212 Do-

351 2228 484 2283 mini,
520 2226 594 2274 seu
617 2227 674 2274 ad
698 2227 740 2274 se
764 2226 1127 2275 submittendum
1150 2227 1233 2274 sub
1262 2227 1478 2292 potestate
1505 2227 1613 2275 boni
1642 2228 1693 2275 &
1717 2228 1812 2275 veri
1835 2228 2015 2286 Divini,
2051 2229 2182 2293 plura
2204 2247 2360 2278 arcana

347 2294 563 2351 involvit,
599 2309 740 2358 quam
777 2306 829 2340 ut
868 2295 1027 2358 paucis
1066 2295 1200 2358 poffit
1238 2293 1484 2358 explicari:
1522 2293 1624 2342 sunt
1660 2294 1852 2358 quidam
1887 2295 2098 2359 SpirituS,
2152 2298 2230 2362 qui
2273 2313 2359 2362 pro

347 2361 577 2425 principio
605 2360 875 2418 habuerunt,
911 2361 1028 2408 dum
1056 2362 1270 2408 vixerunt
1294 2363 1340 2408 in
1366 2361 1559 2419 mundo,
1597 2362 1743 2425 quod,
1780 2363 1887 2425 quia
1909 2362 2195 2420 audiverunt,
2220 2381 2360 2413 omne

349 2427 527 2475 bonum
561 2428 646 2474 effe
676 2445 703 2475 a
723 2429 950 2486 Domino,
986 2428 1037 2476 δε
1061 2428 1299 2476 hominem
1324 2427 1434 2475 nihil
1460 2428 1614 2476 boni-a
1638 2427 1679 2476 se
1703 2426 1846 2476 facere
1875 2429 2015 2493 poffe,
2052 2429 2094 2478 se
2119 2431 2230 2479 nihil
2255 2449 2357 2480 coe·

348 2495 518 2558 gerint,
555 2493 628 2542 sed
666 2494 708 2543 se
748 2494 1011 2552 remiserint,
1048 2495 1228 2543 irritum
1254 2493 1350 2543 fore
1373 2511 1563 2544 omnem
1587 2508 1802 2544 conatum
1828 2508 2040 2560 putantes
2062 2500 2169 2562 quia
2192 2500 2254 2546 ita
2276 2499 2357 2557 est,

345 2562 399 2609 ὅτ
438 2561 542 2609 ideo
578 2560 930 2625 exspectaverint
968 2562 1291 2611 immediatum
1331 2563 1557 2611 influxum
1598 2565 1645 2611 in
1669 2563 1913 2611 voluntatis
1937 2579 2097 2613 eorum
2121 2578 2355 2623 conatum,

349 2642 434 2674 nee
458 2626 499 2674 se
522 2627 579 2674 ad
601 2625 862 2675 faciendum
887 2628 1073 2693 aliquod
1096 2628 1273 2678 bonum
1296 2631 1559 2693 coegerint3
1596 2631 1693 2679 imo
1716 2629 1856 2694 usque
1879 2631 2009 2689 adeo,
2044 2644 2097 2679 ut
2126 2632 2241 2679 dum
2277 2633 2357 2679 ali-

349 2692 478 2757 quod
520 2693 694 2740 malum
736 2693 970 2758 irrepserit,
1007 2694 1152 2758 quod,
1187 2696 1295 2760 quia
1326 2711 1419 2743 non
1456 2695 1680 2744 senserunt
1716 2697 1916 2770 aliquem
1941 2697 2135 2745 renisum
2159 2699 2215 2746 ab
2239 2701 2355 2748 inte-

348 2761 473 2816 riori,
510 2758 551 2807 se
589 2776 775 2824 quoque
798 2762 839 2807 ei
863 2760 1141 2824 reliquerint,
1176 2762 1382 2824 putando
1406 2761 1465 2808 sic
1489 2763 1756 2825 permissum
1783 2764 1878 2811 iore
1899 2785 1913 2819 ς
1951 2763 2025 2812 sed
2049 2765 2080 2811 ii
2103 2765 2211 2813 tales
2234 2765 2356 2824 sunt,

347 2840 402 2874 ut
434 2826 520 2874 sint
547 2826 671 2890 quasl
695 2826 857 2891 absque
884 2828 1088 2891 proprio,
1125 2827 1185 2875 s1c
1223 2839 1277 2875 ut
1315 2827 1400 2875 smt
1440 2828 1608 2876 nullius
1637 2830 2040 2888 determinationis,
2076 2848 2214 2896 quare
2239 2835 2356 2881 inter

349 2893 616 2959 inudliores,
653 2893 761 2941 duci
784 2895 908 2941 enim
932 2893 973 2942 se
1029 2895 1230 2942 atiuntur
1252 2910 1384 2960 aeque
1406 2911 1431 2942 a
1454 2895 1582 2944 malis
1606 2912 1656 2943 ac
1680 2913 1706 2944 a
1729 2895 1876 2954 boniS,
1911 2897 1961 2945 &
2002 2914 2028 2946 a
2065 2900 2192 2947 malis
2229 2901 2350 2948 mul-

349 2968 452 3007 tum
477 2961 751 3024 patiuntur3
784 2973 829 3008 at
868 2962 948 3026 qui
985 2910 1027 3009 st}
1066 2974 1316 3026 coegerunt
1350 2975 1508 3011 contra
1543 2962 1718 3012 malurn
1743 2965 1791 3012 δε
1825 2962 2007 3022 falsum,
2042 2967 2218 3015 tametsi
2255 2969 2350 3031 pri·

348 3042 482 3076 mum
505 3039 738 3092 putarunt,
775 3027 902 3091 quod
926 3028 1013 3076 hoc
1035 3028 1139 3076 effer
1162 3045 1188 3076 a
1210 3027 1251 3076 se
1274 3027 1347 3076 seu
1371 3045 1396 3078 a
1418 3032 1602 3095 propria
1625 3033 1841 3094 potentia,
1877 3044 1923 3079 at
1952 3031 2104 3096 postea
2126 3033 2347 3091 illustrati,

348 3093 477 3158 quod
512 3106 699 3142 conatus
722 3110 882 3142 eorum
912 3093 1047 3143 fuerit
1078 3111 1104 3142 a
1125 3096 1352 3153 Domino,
1388 3097 1485 3144 imo
1516 3099 1731 3146 omnium
1764 3098 1957 3147 minima
1989 3113 2192 3157 conatus,
2229 3102 2260 3147 ii
2302 3102 2345 3146 in

347 3162 485 3208 altera
506 3161 599 3209 vita
621 3177 713 3208 non
737 3162 918 3225 poss'unt
939 3163 1047 3210 duci
1081 3179 1106 3210 a
1140 3162 1267 3210 malis
1308 3163 1551 3228 spiritibuS,
1587 3163 1662 3212 sed
1702 3166 1818 3214 inter
1839 3163 1989 3213 felices
2014 3165 2144 3214 sunt:
2182 3165 2345 3213 exinde

347 3224 548 3274 constare
571 3227 734 3291 potest,
769 3228 897 3292 quod
936 3228 1079 3277 homo
1117 3228 1158 3277 se
1197 3246 1359 3295 cogere
1390 3231 1446 3279 ad
1473 3229 1732 3280 faciendum
1757 3231 1951 3288 bonum,
1987 3231 2346 3296 &loquendum

345 3308 506 3342 verum
544 3292 728 3343 debeat:
764 3311 994 3355 arcanum,
1030 3296 1157 3360 quod
1193 3297 1239 3346 in
1271 3313 1326 3346 eo
1351 3298 1472 3355 latet,
1509 3296 1588 3357 est,
1624 3300 1751 3364 quod
1777 3298 1835 3347 sic
1859 3299 2059 3348 donetur
2076 3299 2217 3347 homo
2239 3314 2347 3362 pro·

1393 3366 1439 3413 D
1482 3382 1505 3412 2
2245 3368 2346 3429 prio
