2788 3744
587 196 970 277 CAPUT*
1006 194 1274 271 VIGE
1300 196 1668 258 SIMUM
1730 198 2207 262 PRIMUM.
2310 224 2390 286 5¹

387 337 422 358 “
457 330 603 379 melos
642 329 789 377 honor
819 326 1068 392 Ipsius,‘&
1100 325 1232 374 laude
1254 325 1396 389 Ipsius
1436 324 1567 388 plena
1603 325 1666 372 est
1699 339 1837 374 terra:
1876 327 1938 373 est
1976 328 2184 390 splendor
2219 331 2269 378 &
2308 329 2390 377 lux

383 402 418 424 “
455 409 564 454 erat,
600 412 768 443 cornua
801 394 859 442 de
895 409 1035 441 manu
1057 393 1200 458 Ipfius
1222 393 1329 457 Ipfi,
1364 393 1412 440 &
1439 391 1501 439 ibi
1525 392 1768 441 occultatio
1793 392 1965 439 roboris
1989 395 2146 456 Ipsius,
2150 398 2179 417 ”
2209 413 2309 444 111:
2340 414 2383 445 2.

378 481 422 527 3.
449 483 498 523 4,
534 462 612 509 ubi
653 460 880 509 manifeste
917 461 973 506 de
1009 460 1207 507 adventu
1233 460 1444 516 Domini,
1479 460 1560 522 qui
1594 476 1649 523 pe
1628 459 1875 506 ervivifica
1878 475 1924 505 re
1965 461 2011 505 in
2053 462 2204 507 medio
2243 478 2382 508 anno-

377 545 500 586 rum,
538 530 586 576 &
614 541 776 575 notum
802 526 978 575 iacere
968 544 1014 574 in
1041 526 1194 573 medio
1218 542 1459 583 annorum,
1497 525 1808 588 fignificatur;
1843 526 2073 572 Divinum
2099 526 2381 574 Humanum

375 565 518 658 Ipsitis
544 595 822 651 describitur,
859 610 945 657 per
977 593 1104 656 quod
1137 594 1267 640 Deus
1305 609 1329 639 e
1355 591 1592 639 Themane
1636 593 1799 648 veniet,
1836 592 1884 639 &
1909 591 2096 638 Sanctus
2128 592 2185 638 de
2226 607 2383 639 monte

379 663 561 717 l’aran3
605 678 631 708 a
651 663 697 708 Γ
700 662 888 708 hemane
927 659 1094 706 dicitur
1130 656 1282 722 quoad
1323 674 1526 705 amorem
1554 658 1814 714 coelestem,
1862 659 1911 705 &
1953 658 2010 705 de
2052 670 2209 705 monte
2239 659 2380 704 Paran

375 729 528 791 quoad
568 743 774 774 amorem
815 724 1124 790 spiritualem·,
1154 726 1209 772 &
1233 725 1361 789 quod
1384 720 1556 772 exinde
1582 722 1856 772 illuminatio
1881 726 1929 771 &
1954 726 2172 787 potentia,
2207 724 2378 787 fignifi-

373 806 501 841 catur
523 809 602 856 per
630 792 759 855 quod
795 791 1004 856 splendor
1029 794 1077 840 δι
1101 791 1183 838 lux
1206 806 1318 849 erat,
1354 808 1523 840 cornua
1543 791 1600 838 de
1625 808 1762 838 manu
1787 790 1929 854 Ipsms
1953 791 2059 854 Ipsi,
2096 791 2306 854 splendor
2329 792 2379 837 ἃς

373 860 454 906 lux
493 859 595 906 sunt
633 859 922 915 illuminatio,
975 874 1143 906 cornua
1182 858 1283 905 sunt
1320 860 1561 922 potentia:
1607 859 1730 921 apud
1771 856 1952 913 Mosen,
2028 857 2279 918 ‘Jehovah
2321 857 2379 904 de

375 931 410 953 “
444 926 564 977 Sinai
604 928 746 982 venit,
796 926 846 972 ac
882 936 1065 972 exortus
1103 923 1168 972 est
1205 925 1264 972 de
1299 927 1390 972 Seir
1425 925 1528 980 illis,
1563 923 1847 989 exsplenduit
1875 924 1933 970 de
1962 934 2099 970 monte
2122 925 2298 999 Paran,
2327 924 2379 970 δε

374 997 410 1020 “
445 994 570 1040 venit
607 1008 665 1039 ex
704 992 983 1056 myriadibus
1021 990 1275 1048 sanctitatis,
1326 1008 1354 1038 2
1394 974 1553 1038 dextra
1590 987 1731 1057 Ipsius
1779 990 1896 1054 ignis
1942 990 2054 1053 legis
2092 989 2196 1047 illis,
2241 990 2380 1037 etiam

374 1064 410 1085 “
444 1075 598 1107 amans
622 1059 853 1123 populos,
888 1074 1051 1106 omnes
1075 1057 1210 1104 sanCti
1232 1057 1414 1124 Ipsius
1404 1074 1451 1104 in
1478 1073 1616 1104 manu
1641 1069 1733 1113 tua,
1769 1057 1818 1104 δε
1844 1054 2074 1121 conjuncti
2097 1055 2199 1103 sunt
2220 1056 2275 1104 ad
2302 1073 2383 1120 pe-

377 1130 411 1152 “
447 1127 555 1173 dem
593 1138 745 1200 tuum,
791 1127 841 1172 &
880 1115 991 1172 feret
1027 1124 1084 1172 de
1122 1116 1271 1176 verbis
1311 1124 2211 1187 tuis‚”Deutzxxx11122.3;etiam
2236 1122 2298 1170 ibi
2322 1122 2381 1170 de

372 1192 600 1249 Domino,
635 1189 765 1254 cujus
787 1192 1017 1238 Divinum
1042 1191 1322 1238 Humanum
1363 1189 1629 1240 describitur
1663 1207 1743 1254 per
1778 1190 1904 1253 quod
1926 1203 2108 1237 exortus
2133 1206 2157 1237 e
2181 1191 2292 1247 Seir,
2329 1191 2380 1237 &·
2411 1207 2413 1209 ·

371 1258 704 1322 exsplenduerit
739 1258 797 1304 de
831 1270 993 1305 monte
1022 1258 1182 1314 Paran,
1218 1274 1242 1304 e
1267 1258 1363 1304 Seir
1400 1257 1567 1305 dicitur
1603 1257 1753 1321 quoad
1790 1272 1996 1304 amorem
2035 1255 2284 1313 coelestem,
2321 1255 2381 1303 de

372 1337 529 1372 monte
551 1326 696 1382 Paran
720 1324 871 1388 quoad
894 1339 1097 1371 amorem
1132 1323 1445 1388 spiritualem·‚
1480 1322 1723 1388 spirituales
1747 1323 2056 1386 significantur
2076 1339 2156 1387 per
2179 1323 2379 1388 populos

370 1406 488 1454 quos
510 1403 647 1447 amat,
685 1394 734 1439 δε
767 1407 822 1454 pe
802 1407 848 1437 r
886 1388 1153 1455 conjunClos
1184 1390 1248 1438 ad
1288 1391 1486 1455 pedem3
1522 1407 1600 1455 pes
1640 1390 1862 1454 significat
1901 1387 2101 1446 inferius,
2137 1391 2199 1437 ita
2217 1388 2380 1437 obscu-

311 1506 314 1509 Α
372 1458 481 1515 rius,
520 1459 566 1505 in
591 1458 759 1521 Regno
780 1448 1002 1505 Domini:
1039 1456 1164 1521 apud
1198 1457 1431 1513 Eundem,
1471 1462 1504 1484 “
1529 1456 1858 1504 Kedorlaomer
1898 1459 1947 1503 ὅτ
1988 1472 2115 1520 reges
2154 1472 2262 1504 cum
2299 1455 2380 1503 illo

374 1525 751 1588 “percusserunt
775 1516 1009 1585 Choritas
1023 1525 1071 1588 in
1112 1536 1269 1572 monte
1302 1540 1463 1571 eorum
1488 1522 2011 1587 Seir‚u1queElparan,
2047 1539 2154 1586 quae
2178 1522 2342 1587 super
2333 1538 2380 1568 1n

374 1596 408 1618 “
444 1590 719 1647 desertum,”
743 1582 877 1649 Gen:
903 1605 1020 1636 xiv:
1048 1606 1092 1652 5.
1119 1590 1163 1636 6.
1200 1586 1328 1653 quod
1350 1590 1579 1636 Divinum
1594 1587 1885 1636 Humanum
1909 1587 2104 1635 Domini
2140 1588 2203 1635 ibi
2240 1588 2378 1651 signi-

340 1657 533 1713 „ficetur
568 1672 649 1720 per
687 1668 895 1704 montem
933 1655 1046 1712 Seir,
1098 1655 1177 1703 &
1187 1671 1268 1720 per
1302 1654 1518 1721 Elparan,
1554 1654 1762 1703 videatur
1798 1655 2219 1720 11:16751676:
2257 1655 2381 1718 apud

371 1722 607 1783 Eundem,
645 1727 679 1750 “
704 1723 814 1770 Fuit
850 1723 899 1768 in
937 1737 1057 1768 anno
1094 1720 1325 1769 secundo
1314 1739 1361 1769 m
1394 1722 1543 1771 mense
1567 1720 1783 1779 secundo,
1819 1723 1865 1768 in
1889 1721 2147 1784 vigesimo
2137 1739 2183 1769 in
2209 1721 2377 1777 mense,

375 1794 409 1816 “
444 1789 486 1835 se
516 1787 692 1842 sustulit
724 1788 866 1843 nubes
891 1786 1092 1852 desuper
1129 1788 1415 1835 tabernaculo
1452 1787 1730 1843 testimonii·,
1766 1788 1816 1835 &
1841 1786 2034 1850 profeffi
2068 1786 2170 1834 sunt
2211 1788 2293 1835 filii
2317 1787 2380 1835 Is·

375 1858 413 1883 “
445 1843 571 1910 raelis
610 1853 856 1915 secundum
895 1847 1201 1920 profectiones
1235 1851 1349 1911 suas,
1385 1871 1410 1903 e
1446 1853 1620 1902 deserto
1643 1853 1781 1910 Sinai,
1817 1853 1867 1901 &
1893 1852 2050 1901 resedit
2075 1854 2250 1902 nubes
2239 1870 2285 1901 in
2308 1853 2380 1901 de-

371 1927 408 1950 “
430 1923 551 1984 serto
574 1922 779 1979 Paran,”
802 1906 967 1981 Num.
990 1936 1048 1968 x:
1081 1937 1153 1987 ¹¹.-
1186 1938 1261 1980 12,
1296 1918 1425 1985 quod
1447 1918 1746 1995 profectiones
1770 1920 1962 1984 populi
1952 1937 1998 1968 in
2023 1919 2196 1968 deserto
2219 1935 2379 1969 omnes
2438 1924 2459 1944 '⁹

367 1988 629 2053 significent
657 1987 830 2042 :statum
866 1987 1084 2035 Ecclefiae
1120 1981 1384 2065 pugnantiS‚
1419 1989 1468 2036 δε
1492 1985 1586 2051 ejus
1627 1989 1907 2044 tentationes,
1944 1987 1991 2035 in
2028 1988 2196 2052 quibus
2234 1988 2378 2035 homo

368 2054 644 2111 succumbit,
681 2053 753 2114 sed
788 2070 874 2118 pro
897 2043 975 2101 illo
997 2048 1229 2102 Dominus
1250 2056 1410 2112 vincit,
1447 2053 1766 2118 consequenter
1803 2054 1931 2119 quod
1967 2053 2078 2119 ipsas
2110 2057 2377 2103 tentationes

368 2122 422 2170 δε
458 2122 664 2169 victorias
703 2107 919 2197 Domini,
948 2137 1015 2171 ex
1039 2121 1211 2169 Divina
1244 2122 1441 2170 Domini
1481 2120 1809 2178 Misericordia,
1855 2121 1960 2168 alibi
1995 2120 2287 2177 ostendetur,
2323 2121 2374 2168 &

368 2189 478 2252 quia
498 2189 729 2235 Dominus
766 2188 1032 2235 tentationes
1070 2183 1275 2236 sustinuit
1310 2205 1367 2236 ex
1407 2187 1634 2236 Humano
1669 2189 1846 2235 Divino
1885 2186 1980 2244 suo,
2033 2204 2115 2252 per
2150 2187 2377 2235 desertum
2420 2179 2427 2184 ”

371 2255 518 2303 Paran
526 2254 616 2309 hic
639 2253 842 2302 similiter
864 2247 1143 2318 significatur
1166 2255 1445 2303 Humanum
1470 2256 1700 2303 Divinum
1722 2255 1946 2302 Domini:
1982 2255 2146 2318 pariter
2175 2270 2255 2318 per
2277 2254 2376 2302 haec

363 2306 1007 2450 ῗΡΕὲῗηῗῗὲΕέἔῗᾱιῖἕὲ-ἰῗῖῗ
1035 2317 1672 2456 ἔέΕιΕΕΕἲυῖἓὲἓέἰΕῗὲὲὲἱὸιῖ
1691 2311 1968 2435 ἶὲΕἰὲἓῗὲΕέ
1993 2319 2376 2444 ἕςὲἒὲἑῗωῶῗῗέἑ

371 2459 407 2484 “
441 2452 525 2501 tibi
547 2453 686 2510 viros,
721 2453 772 2500 ὅτ
811 2453 1049 2516 explorent
1084 2404 1249 2501 tegqam
1272 2446 1548 2511 Canaanem‚
1583 2469 1725 2517 quam
1755 2453 1865 2516 Ego
1905 2453 2014 2500 dans
2048 2453 2152 2500 filiis
2176 2452 2374 2501 Israelis:

371 2524 408 2547 “
442 2520 491 2566 &
518 2518 639 2564 misit
659 2517 758 2565 illos
782 2518 937 2566 Moses
960 2535 985 2566 e
1007 2519 1164 2582 deserto
1185 2522 1340 2569 Paran
1372 2519 1501 2584 super
1533 2536 1584 2568 os
1609 2519 1818 2582 Jehovae.
1888 2519 1953 2567 Et
1981 2519 2139 2568 reversi
2169 2519 2286 2575 sunt,
2321 2521 2374 2566 &

373 2590 410 2613 “
443 2583 500 2631 ad
525 2580 706 2638 Mosen,
742 2583 792 2628 ὅτ.
832 2582 890 2629 ad
914 2583 1197 2641 Aharonem,
1232 2586 1283 2631 δε
1324 2586 1382 2630 ad
1418 2600 1607 2632 omnem
1645 2596 1820 2631 coetum
1861 2583 2062 2630 filiorum
2095 2584 2279 2642 Israelis,
2314 2584 2373 2631 ad

372 2655 409 2678 “
443 2650 647 2713 desertum
669 2649 824 2696 Paran
863 2648 910 2694 in
947 2647 1110 2706 Cades,
1161 2651 1210 2695 &
1245 2648 1494 2696 retulerunt
1533 2647 1618 2696 illis
1655 2649 1868 2705 verbum,
1905 2650 1955 2696 δι
1989 2649 2279 2698 ostenderunt
2317 2651 2373 2699 iis

372 2721 410 2744 “
444 2714 647 2763 fruEtum
684 2714 865 2770 terrae,”
906 2713 1068 2774 Num:
1095 2730 1232 2761 x111·
1220 2752 1231 2763 .
1262 2733 1301 2764 1.
1324 2732 1366 2763 2.
1389 2732 1431 2779 3.
1451 2732 1499 2774 4.
1525 2730 1604 2778 27,
1656 2729 1736 2778 per
1774 2684 1902 2778 quod
1937 2731 1994 2762 ex
2034 2714 2206 2764 deserto
2230 2717 2374 2765 Paran

372 2780 566 2848 profecti
604 2780 886 2844 explorarent
924 2791 1089 2827 terram
1113 2780 1384 2837 Canaanem,
1420 2776 1699 2843 significatur
1733 2779 1862 2844 quod
1895 2797 1975 2845 per
2007 2781 2233 2830 Divinum
2260 2783 2372 2831 Hu-

372 2863 566 2902 manum
588 2847 799 2902 Domini,
834 2837 922 2893 illis
961 2858 1126 2910 nempe
1161 2845 1264 2894 filiis
1302 2845 1486 2903 Israelis,
1534 2845 1623 2895 hoc
1659 2845 1739 2904 est,
1790 2846 2107 2924 spiritualibus,
2151 2845 2375 2914 Regnum

371 2914 572 2970 coeleste,
607 2913 732 2976 quod
762 2925 876 2959 terra
895 2912 1074 2959 Canaan
1109 2911 1362 2975 fignificat,
1398 2912 1524 2976 quod
1550 2925 1704 2961 autem
1737 2925 1847 2960 tunc
1877 2915 2014 2962 etiam
2039 2913 2371 2974 succubuerint,

373 2981 595 3044 fignificat
633 2978 988 3027 imbecillitatem
1028 2994 1205 3037 eorum,
1242 2981 1286 3026 δι
1315 2978 1419 3026 ideo
1441 2978 1568 3042 quod
1589 2979 1822 3027 Dominus
1852 2979 2089 3044 impleret
2088 2984 2242 3030 omnia
2265 2998 2374 3045 quae

374 3047 423 3094 in
445 3046 592 3109 Lege,
615 3061 684 3109 ¹ac
709 3044 936 3109 sustineret
976 3047 1242 3094 tentationes
1266 3046 1312 3093 δι
1341 3045 1558 3103 vinceret,
1593 3061 1643 3093 ac
1682 3045 1743 3094 ita
1781 3045 1908 3110 quod
1941 3046 2045 3105 illis,
2080 3049 2161 3112 qui
2195 3049 2241 3095 in
2282 3048 2374 3096 fide

373 3111 601 3162 charitatis
623 3100 747 3170 sunt,
777 3106 882 3161 tum
918 3108 1005 3165 illis
1045 3112 1125 3177 qui
1157 3113 1204 3161 in
1236 3111 1573 3227 tentatignibus,
1610 3113 1658 3162 in
1679 3111 1847 3178 quibus
1867 3107 2100 3165 Dominus
2122 3114 2309 3228 vingt,
2318 3129 2375 3161 ex

408 3210 413 3215 ·
518 3200 524 3209 ¹
1469 3195 1495 3229 2
2250 3182 2378 3230 ivino
