2826 3736
516 256 598 312 '14
1007 227 1986 298 GENESIS.

501 366 689 421 Abramo
713 366 811 412 viro
824 365 922 429 suo,
957 362 1023 411 illi
1045 365 1091 410 in
1113 362 1336 410 mulierem.
1407 362 1607 426 Accepit
1631 361 1751 408 Sarai
1790 377 1907 409 uxor
1930 362 2143 420 Abrami,
2179 360 2402 428 fignificat
2434 363 2500 414 af-

501 429 743 480 fectionem
779 432 892 488 veri,
927 446 1033 493 quae
1072 431 1119 476 in
1155 431 1356 492 genuino
1392 426 1515 474 sensu
1550 427 1613 474 est
1637 429 1757 474 Sarai
1793 443 1934 475 uxor:
1973 429 2208 492 Hagarem
2226 431 2500 496 AEgyptiam

501 497 711 545 ancillam
736 497 878 554 suam,
915 496 1136 560 fignificat
1158 498 1300 542 vitam
1326 495 1523 541 hominis
1555 494 1787 540 exterioris
1810 495 1859 542 δε
1878 493 2162 542 affectionem
2185 494 2468 545 scientiarum
2490 519 2499 545 :

501 580 527 611 a
566 564 656 612 fine
696 565 852 611 decem
887 578 1108 609 annorum
1150 561 1206 608 ab
1247 560 1490 607 habitando
1514 559 1692 608 Abram
1717 562 1763 607 in
1787 571 1902 607 terra
1925 562 2121 618 Canaan,
2157 561 2378 624 fignificat
2401 564 2500 611 reli-

501 632 628 693 quias
653 630 759 678 boni
782 631 832 677 &
857 628 961 675 inde
985 630 1097 683 veri,
1134 643 1243 690 quas
1269 626 1348 673 fibi
1372 628 1655 689 comparavit
1678 627 1927 684 Dominus,
1964 644 2046 691 per
2078 644 2190 692 quas
2222 642 2501 694 conceptum

502 697 713 744 rationale
737 695 881 744 illud:
918 696 967 741 &
1007 694 1134 741 dedit
1171 708 1270 739 eam
1295 692 1508 739 Abramo
1548 695 1649 740 viro
1689 691 1768 740 suo
1805 693 1869 740 illi
1907 695 1953 740 in
1988 694 2243 752 mulierem,
2279 695 2501 760 fignificat

503 760 871 825 conjunffionem
895 761 1107 808 incitante
1131 759 1366 806 affectione
1388 759 1500 804 veri.

573 843 713 889 1904.
749 829 949 891 Accepit
972 827 1092 873 Sarai
1115 841 1232 872 uxor
1256 825 1467 879 Abrami,
1503 823 1633 888 quod
1672 824 1893 888 significet
1923 825 2208 874 affeffionem
2242 828 2355 885 veri,
2392 844 2500 892 quae

501 894 549 940 in
585 896 785 956 genuino
821 892 943 941 sensu
967 893 1086 939 Sarai
1123 907 1256 947 uxor,
1292 889 1466 937 constat
1500 906 1526 937 a
1566 889 1890 953 fignificatione
1913 892 2051 949 Sarai,
2087 893 2216 956 quod
2248 893 2302 941 fit
2324 895 2503 943 Verum

499 959 766 1024 adjunctum
801 960 939 1016 bono,
975 959 1024 1006 &
1049 975 1108 1005 ex
1132 957 1458 1020 significatione
1481 958 1654 1012 uxoriS,
1689 957 1816 1020 quod
1842 957 1895 1003 sit
1919 958 2112 1014 affectio,
2149 959 2206 1006 de
2245 975 2338 1022 qua
2373 962 2498 1023 prius

500 1042 561 1073 n:
598 1042 651 1088 91
666 1044 709 1090 5.
741 1026 880 1086 1468.
931 1026 1048 1072 Sunt
1070 1024 1189 1071 binze
1212 1023 1468 1071 affeetiones
1486 1023 1600 1069 inter
1623 1021 1663 1068 se
1684 1022 1926 1080 distinctae,
1963 1023 2141 1071 affectio
2182 1025 2307 1083 boni,
2340 1025 2394 1073 ὅτ
2431 1027 2497 1074 af·

500 1090 635 1140 sectio
658 1094 755 1140 veri
776 1114 790 1147 ;
827 1108 935 1138 cum
961 1103 1246 1155 regeneratur
1268 1090 1428 1145 horno,
1465 1100 1575 1135 tunc
1609 1088 1788 1136 affectio
1811 1091 1907 1136 veri
1931 1090 2165 1153 praecedit,
2186 1106 2293 1138 nam
2307 1091 2500 1140 afficitur

497 1175 610 1207 vero
632 1169 817 1223 propter
839 1158 1047 1213 bonum;
1082 1173 1191 1208 cum
1221 1168 1374 1204 autem
1409 1166 1691 1218 regeneratus
1728 1154 1807 1212 est,
1843 1156 2062 1219 praecedit
2085 1156 2263 1205 affeffio
2286 1157 2412 1216 boni,
2447 1159 2497 1207 &

498 1241 557 1272 ex
598 1225 720 1273 bono
760 1225 953 1272 afficitur
987 1240 1130 1279 ver0;
1166 1222 1344 1272 affectio
1385 1220 1493 1268 boni
1529 1220 1594 1268 est
1628 1221 1891 1279 voluntatis,
1927 1220 2106 1270 affectio
2127 1224 2223 1270 veri
2263 1223 2328 1271 est
2365 1225 2496 1272 intel-

499 1290 669 1338 lectus:
707 1292 997 1354 antiquiffimi
1037 1291 1152 1337 inter
1192 1289 1314 1336 binas
1347 1286 1602 1334 affectiones
1627 1286 1914 1335 instituerunt
1934 1288 2055 1351 quafi
2078 1287 2367 1363 conjugium,
2405 1292 2494 1339 Bo-

497 1373 612 1404 num
637 1357 711 1403 seu
733 1373 937 1404 amorem
962 1355 1070 1404 boni
1104 1354 1387 1418 appellarunt
1427 1353 1663 1401 hominem
1702 1365 1756 1401 ut
1796 1355 2031 1411 maritum,
2069 1355 2246 1402 Verum
2269 1354 2344 1403 seu
2368 1371 2496 1405 amo-

496 1438 595 1469 rem
631 1425 726 1469 veri
757 1422 1040 1486 appellarunt
1076 1421 1313 1469 hominem
1347 1432 1401 1468 ut
1436 1436 1658 1475 uxorem;
1695 1421 1978 1484 comparatio
2015 1419 2123 1468 boni
2163 1422 2214 1468 &
2251 1422 2348 1470 veri
2385 1437 2495 1470 cum

494 1486 729 1552 conjugio,
781 1489 910 1536 ducit
954 1489 1180 1551 originem
1220 1503 1246 1534 a
1287 1484 1521 1550 Conjugio
1563 1486 1750 1535 coelesti.
1821 1487 2006 1534 Bonum
2043 1487 2095 1534 &
2135 1486 2314 1535 Verum
2357 1490 2406 1535 in
2447 1488 2490 1536 se

496 1551 692 1617 spectata
726 1554 892 1602 nullius
931 1554 1043 1601 vitae
1076 1552 1195 1609 sunt,
1231 1551 1308 1601 sed
1344 1551 1402 1600 ab
1440 1568 1595 1599 amore
1634 1552 1707 1599 seu
1745 1552 1802 1599 ab
1842 1551 2079 1600 affectione
2108 1553 2292 1601 trahunt
2329 1555 2494 1611 vitam,

494 1619 599 1668 sunt
615 1621 758 1668 modo
781 1619 1137 1668 instrumentalia
1156 1621 1284 1676 vitae‚
1319 1635 1457 1682 quare
1480 1621 1627 1681 qualis
1651 1634 1781 1666 amor
1814 1620 2008 1666 afficiens
2033 1618 2209 1667 bonum
2232 1619 2284 1668 &
2306 1635 2492 1677 verum,

494 1686 595 1734 talis
627 1688 692 1735 est
713 1688 825 1744 vita,
860 1702 970 1734 nam
997 1702 1137 1735 omne
1159 1687 1270 1734 vitae
1302 1685 1366 1733 est
1398 1687 1565 1732 amoris
1587 1685 1659 1733 seu
1684 1683 1933 1733 affectionis
1953 1708 1967 1741 ;
2003 1686 2109 1734 inde
2131 1684 2195 1733 est
2216 1686 2346 1750 quod
2370 1687 2493 1734 Sarai

495 1768 613 1800 uxor
645 1754 927 1817 ingenuino
961 1752 1084 1801 sensu
1131 1752 1352 1816 significet
1388 1751 1675 1800 affectionem
1714 1753 1827 1808 veri,
1863 1751 1914 1800 &
1950 1752 2024 1799 hic
2063 1753 2173 1815 quia
2193 1752 2495 1801 inteflefflale

494 1817 774 1866 desiderabat
795 1819 1026 1874 rationale,
1062 1831 1115 1865 ut
1144 1818 1340 1883 prolem,
1378 1819 1427 1866 &
1450 1818 1560 1882 quia
1581 1818 1793 1865 defiderii-
1827 1816 1901 1864 seu
1935 1816 2184 1865 affectionis
2203 1817 2269 1865 est
2291 1834 2399 1881 quae
2425 1819 2494 1867 lo-

494 1885 666 1947 quitur,
716 1884 820 1933 ideo
865 1887 912 1932 in
959 1885 1046 1933 hoc
1070 1884 1214 1932 Versu
1253 1884 1449 1948 expresse
1497 1883 1680 1941 dicitur,
1735 1889 1771 1911 “
1807 1883 1931 1930 Sarai
1967 1897 2088 1932 uxor
2127 1883 2323 1932 Abrami
2369 1883 2497 1934 dedit

496 1955 531 1977 “
563 1951 776 1998 rAbramo
797 1952 931 1998 viro’'
965 1967 1073 2015 quae
1111 1967 1205 1998 non
1243 1967 1360 2015 opus
1397 1948 1544 1998 fuiss‘et
1581 1951 1748 1998 iterum
1787 1951 1954 2007 dicere,
1989 1950 2037 1996 in
2061 1948 2103 1996 se
2124 1951 2250 1998 enim
2274 1948 2496 2013 superflua

493 2013 659 2073 forent,
697 2017 777 2063 nisi
802 2018 907 2064 talia
929 2017 976 2063 in
1000 2010 1123 2065 sensu
1147 2019 1324 2065 interno
1347 2017 1646 2065 involverent.
1717 2017 1897 2064 Verum
1930 2015 2227 2064 intelleCRuale
2250 2015 2491 2080 distingui-

494 2093 569 2129 tur
591 2099 617 2129 a
638 2084 764 2130 Vero
795 2082 1015 2140 rationali,
1052 2086 1102 2130 &
1142 2084 1229 2132 hoc
1267 2099 1294 2130 a
1314 2083 1441 2130 Vero
1473 2082 1735 2144 scientifico,
1773 2083 1886 2131 ficut
1910 2083 2165 2139 Internum,
2201 2082 2420 2130 Medium
2442 2083 2495 2131 δε

493 2148 751 2196 Externum
773 2171 788 2204 ;
823 2149 1001 2195 Verum
1025 2149 1318 2196 intellectuale
1340 2147 1404 2196 est
1428 2150 1676 2207 internum,
1711 2150 1888 2197 Verum
1919 2148 2132 2196 rationale
2168 2147 2233 2196 est
2262 2148 2489 2206 medium,

492 2214 670 2263 Verum
693 2214 987 2262 scientificum
1012 2213 1078 2260 est
1098 2226 1335 2262 externum
1357 2235 1370 2268 ;
1406 2213 1507 2260 haec
1532 2214 1649 2263 inter
1665 2214 1707 2261 se
1731 2214 2056 2261 distinffiffima
2070 2213 2189 2271 sunt,
2213 2214 2322 2277 quia
2343 2228 2492 2263 unum

493 2279 558 2327 est
579 2281 718 2329 altero
742 2282 962 2335 interius,
998 2281 1119 2344 apud
1154 2280 1390 2328 hominem
1423 2294 1763 2343 quemcunque,
1796 2280 1976 2326 Verum
2009 2279 2327 2335 intellectuale,
2363 2280 2493 2344 quod

492 2346 557 2393 est
581 2348 808 2394 internum
834 2346 907 2394 seu
932 2346 1053 2411 apud
1078 2348 1296 2394 intimum
1320 2344 1432 2409 ejus,
1468 2361 1562 2394 non
1601 2345 1664 2393 est
1699 2345 1915 2402 hominis,
1952 2342 2028 2392 sed
2059 2343 2124 2392 est
2147 2345 2342 2392 Domini
2366 2346 2492 2409 apud

492 2412 747 2470 hominem,
783 2413 889 2460 inde
911 2413 1144 2460 Dominus
1185 2413 1335 2459 influit
1358 2411 1419 2459 >in
1449 2412 1707 2468 Rationale,
1743 2411 1823 2458 ubi
1859 2412 2063 2476 primurn
2088 2411 2266 2458 Verum
2307 2422 2492 2476 apparet

493 2477 607 2526 sicut
650 2479 864 2535 hominis,
916 2480 966 2526 &
1006 2495 1086 2542 per
1122 2478 1333 2527 rationale
1373 2479 1420 2525 in
1467 2477 1795 2534 scientificum;
1839 2493 1897 2524 ex
1935 2477 2103 2540 quibus
2141 2475 2330 2535 constat,
2364 2478 2491 2542 quod

492 2543 636 2592 homo
675 2541 895 2610 nusquam
937 2547 1134 2608 cogitare
1173 2547 1308 2609 poffit
1346 2543 1458 2591 ficut
1481 2561 1506 2590 a
1528 2543 1570 2592 se
1592 2560 1651 2592 ex
1675 2544 1800 2591 Vero
1823 2543 2135 2601 intellectuale,
2170 2542 2246 2591 sed
2283 2559 2345 2592 ex
2365 2544 2493 2592 Vero

491 2611 691 2658 rationali
715 2612 765 2659 δε
790 2611 1049 2668 scientifico,
1083 2611 1191 2675 quia
1218 2611 1318 2658 haec
1342 2622 1559 2675 apparent
1582 2610 1696 2659 ficut
1718 2608 1814 2674 ejus
1834 2632 1848 2665 3
1886 2609 2018 2657 Solus
2039 2611 2276 2657 Dominus
2298 2625 2355 2675 ex
2367 2610 2494 2658 Vero

492 2677 796 2736 intellectuali,
833 2693 942 2724 cum
965 2679 1082 2724 vixit
1106 2679 1153 2724 in
1178 2676 1370 2733 mundo,
1406 2678 1644 2740 cogitavit,
1679 2678 1787 2740 quia
1827 2676 1940 2723 illud
1981 2688 2075 2723 erat
2097 2676 2325 2723 Divinum
2345 2675 2490 2739 Ipfi‘us

488 2741 787 2806 conjun&urn
813 2745 960 2799 Bono,
997 2742 1070 2790 seu
1093 2744 1324 2791 Divinum
1348 2742 1590 2806 Spirituale
1629 2741 1929 2806 conjunctum
1967 2743 2148 2790 Divino
2189 2741 2402 2797 coelesti;
2437 2742 2487 2789 in

488 2808 576 2855 hoc
612 2809 847 2857 distinctus
877 2808 965 2856 fuit
988 2810 1221 2857 Dominus
1253 2809 1310 2856 ab
1350 2811 1479 2856 omni
1515 2808 1603 2858 alio
1639 2809 1855 2864 homine3
1891 2825 1949 2855 ex
1968 2808 2148 2856 D'rvino
2167 2807 2365 2870 cogitare
2388 2818 2440 2854 ut
2462 2823 2489 2854 a

487 2874 530 2921 se
554 2874 673 2938 Ipso,
711 2876 931 2938 nusquam
966 2874 1030 2922 est
1063 2874 1278 2932 hominis,
1313 2891 1396 2923 nec
1422 2874 1570 2923 dabile
1593 2877 1640 2923 in
1661 2875 1864 2931 homine,
1899 2873 2048 2920 solum
2071 2875 2118 2920 in
2135 2871 2239 2930 Illo,
2275 2874 2355 2936 qui
2379 2888 2491 2919 con-

488 2956 539 2988 ce
575 2955 646 2988 tus
687 2940 775 2987 fuit
813 2958 840 2988 a
869 2940 1109 3002 Jehovah3
1147 2941 1260 3004 quia
1294 2957 1351 2988 ex
1373 2941 1498 2990 Vero
1538 2940 1842 2996 intellectuali,
1879 2939 1966 2987 hoc
2005 2937 2087 2996 est,
2122 2953 2178 2985 ex
2219 2953 2373 2985 amore
2413 2937 2488 2985 seu

485 2958 720 3055 affgstione
748 3006 858 3053 Veri
897 3006 1221 3063 intellectualis,
1259 3007 1493 3070 cogitavit,
1538 3008 1674 3055 etiam
1709 3022 1767 3053 ex
1805 3005 1887 3052 illo
1925 3004 2193 3052 desideravit
2231 3004 2487 3061 Rationale,

484 3073 591 3120 inde
627 3073 707 3130 est,
743 3073 870 3136 quod
906 3073 981 3120 hic
1023 3072 1215 3129 dicatur,
1252 3073 1379 3136 quod
1411 3073 1529 3120 Sarai
1566 3088 1685 3120 uxor
1705 3069 1919 3128 Abrami,
1954 3087 2035 3135 per
2057 3086 2197 3134 quam
2222 3070 2491 3134 intelligitur

481 3138 663 3194 affectio
700 3141 796 3187 veri
836 3138 1161 3194 intellectuali&
1210 3141 1434 3203 acceperit
1470 3139 1709 3202 Hagarem
1734 3138 2030 3202 AEgyptiam,
2067 3139 2116 3185 δε
2164 3136 2342 3184 dederit
2387 3152 2487 3184 eam

481 3206 694 3255 Abramo
727 3206 831 3254 viro
862 3204 942 3252 suo
981 3205 1049 3252 illi
1087 3208 1136 3253 in
1174 3220 1399 3255 uxorem:
1435 3204 1608 3269 reliqua
1631 3220 1805 3264 arcana,
1840 3220 1948 3268 quae
1971 3203 2045 3252 hic
2067 3201 2187 3261 fimt,
2223 3203 2281 3250 ad
2304 3214 2489 3315 captqm

2336 3284 2424 3316 evo
2442 3284 2491 3315 vi
