2826 3736
675 243 1035 310 CAPUT
1091 235 1623 307 DECIMUM
1670 243 2121 313 SEXTUM.
2307 276 2383 317 11·

384 375 559 427 constat
594 390 651 423 ex
690 375 1016 440 significatione
1040 374 1257 432 Ancillae,
1295 375 1342 422 δι
1384 389 1443 421 ex
1473 372 1801 439 significatione
1825 374 2039 440 AEgypti.
2111 378 2246 436 Sarai,
2282 396 2390 445 quse

386 437 492 493 hera
513 441 587 491 seu
611 443 812 499 domina,
849 441 1133 506 repraesentat
1169 443 1219 490 ὅτ
1253 440 1475 505 fignificat
1514 455 1678 487 verum
1713 438 1982 504 adjunctum
2016 441 2155 499 bono,
2193 459 2243 491 ut
2265 449 2388 509 prius

385 510 599 566 dictum3
635 509 812 557 Verum
846 508 1112 573 adjuncfftum
1147 508 1269 557 bono
1293 506 1357 555 est
1378 523 1543 554 verum
1567 506 1864 554 intelle&uale
1905 508 1951 555 in
1985 511 2186 573 genuino
2230 511 2387 569 sensu3

384 574 564 626 'Verum
597 588 752 624 autem
783 576 997 623 rationale
1019 575 1084 622 est
1106 573 1222 622 infra
1243 574 1377 631 illud,
1412 575 1474 621 ita
1493 571 1695 636 inferim,
1730 573 1818 621 hoc
1841 574 2035 621 nascitur
2065 592 2091 622 a
2127 574 2317 624 scientiis
2340 580 2388 626 ὅ(

384 642 725 708 cognitionibus
747 642 988 690 vivificatis
1027 658 1110 706 per
1146 640 1432 689 affectionem
1469 641 1530 687 eis
1570 639 2013 704 correspondentem,
2048 658 2156 705 quae
2195 643 2387 702 affectio,

386 713 494 775 quia
530 709 595 757 est
636 709 866 757 exterioris
907 708 1120 765 hominis,
1156 707 1317 755 servire
1358 705 1494 755 debet
1515 707 1642 754 Vero
1667 707 1962 755 Intellectuali
1999 708 2127 772 quod
2164 709 2227 756 est
2267 712 2390 774 apud

388 777 630 832 Intimum,
665 775 780 823 ficut
802 775 961 822 ancilla
982 775 1103 823 herae
1125 787 1204 822 aut
1224 772 1395 822 famula
1426 773 1647 831 dominae,
1682 790 1820 838 quare
1856 773 1932 821 illa
1971 774 2148 823 affcfflo
2181 776 2245 823 est
2283 793 2391 840 quae

386 842 727 907 repraesentatur
750 843 799 889 &
823 841 1101 905 significatur
1123 857 1204 905 per
1225 840 1435 888 ancillam
1459 841 1699 904 Hagarem
1719 859 1730 889 :
1756 841 1856 888 haec
1878 841 2119 904 quomodo
2143 840 2183 889 se
2206 842 2387 900 habent,

387 926 481 958 non
522 910 582 956 ita
616 909 674 956 ad
713 920 900 972 captum
942 908 1034 956 dici
1073 907 1235 971 potest,
1270 908 1394 971 prius
1430 908 1553 953 enim
1593 905 1824 954 sciendum
1857 905 1936 963 est,
1973 907 2087 971 quid
2111 908 2288 956 Verum
2312 910 2387 958 In-

387 974 636 1039 tellectuale
674 976 722 1022 in
757 975 958 1038 genuino
989 973 1128 1030 sensti,
1163 986 1265 1020 tum
1299 971 1539 1036 quomodo
1571 971 1764 1020 nascitur
1799 973 2029 1031 rationale,
2063 975 2190 1034 quod
2221 975 2387 1041 nempe

387 1042 445 1089 ab
466 1043 653 1090 Interno
690 1041 877 1088 homine
914 1052 966 1087 ut
1005 1053 1147 1103 patre,
1183 1039 1234 1086 ὅτ
1269 1037 1327 1084 ab
1350 1037 1577 1085 Exteriori
1617 1037 1691 1084 seu
1713 1039 1925 1087 Naturali
1955 1051 2008 1087 ut
2030 1052 2186 1098 matre,
2223 1041 2387 1106 absque

385 1106 704 1172 conjunffione
743 1105 973 1169 utriusque
1013 1104 1234 1168 nusquam
1267 1103 1439 1168 aliquid
1465 1103 1676 1152 rationale
1699 1105 1877 1153 existit:
1914 1106 2152 1154 Rationale
2176 1124 2267 1154 non
2292 1108 2386 1155 nas-

384 1177 506 1223 citur
523 1191 549 1221 a
569 1173 760 1221 scientiis
784 1174 835 1220 δε
859 1171 1219 1236 cognitionibus,
1254 1183 1308 1218 ut
1331 1182 1532 1234 putatur,
1567 1169 1642 1218 se'd
1666 1171 1721 1218 ab
1744 1169 1979 1220 affeffione
2010 1173 2295 1225 scientiarum
2336 1177 2386 1224 δε

384 1240 722 1304 cognitionum,
757 1250 811 1286 ut
833 1238 1033 1287 constare
1057 1237 1204 1285 solum
1228 1236 1377 1301 potest
1397 1252 1454 1285 ex
1476 1253 1550 1295 eo,
1584 1237 1713 1301 quod
1734 1237 1956 1301 nusquam
1981 1239 2141 1304 aliquis
2165 1241 2390 1289 rationalis

382 1309 521 1372 possit
542 1306 659 1363 fieri,
694 1304 777 1352 nis1
799 1304 985 1368 aliquod
1012 1303 1278 1369 jucundum
1317 1303 1390 1351 seu
1426 1303 1607 1351 affeffio
1643 1303 1931 1352 scientiarum
1970 1306 2021 1353 &
2060 1307 2383 1370 cognitionum

378 1373 574 1437 aspiret3
608 1371 788 1419 affectio
809 1368 875 1418 est
900 1369 996 1435 ipsa
1018 1372 1117 1418 vita
1139 1382 1356 1427 materna,
1392 1370 1480 1418 &i
1516 1370 1615 1420 sum
1656 1369 1838 1420 coeleste
1872 1371 1923 1420 δι
1962 1370 2191 1437 spirituale
2231 1375 2278 1420 in
2319 1371 2386 1429 af-

374 1438 572 1487 feffione
593 1437 658 1486 est
679 1438 776 1485 vita
791 1446 995 1501 paterna,
1029 1436 1136 1485 inde
1159 1448 1388 1500 quantum
1490 1437 1694 1494 ectionis,
1730 1437 1781 1485 δε
1804 1437 1947 1502 qualis
1972 1438 2168 1496 affcfflo,
2204 1451 2384 1488 tantum

378 1505 621 1562 rationalis,
658 1505 707 1552 &
744 1503 891 1552 taliter
929 1503 1174 1561 rationalis,
1208 1503 1264 1550 fit
1293 1503 1439 1551 homo
1458 1526 1474 1559 3
1509 1502 1750 1552 scientifica
1770 1504 1821 1552 δι
1845 1505 2130 1569 cognitiones
2155 1506 2201 1552 in
2225 1506 2267 1553 se
2290 1523 2384 1554 non

377 1571 481 1634 sunt
502 1571 584 1620 nisi
605 1586 675 1627 res
698 1581 895 1626 mortuae
917 1568 992 1618 seu
1015 1569 1161 1632 causae
1183 1568 1560 1626 instrumentales»,
1594 1585 1702 1634 quae
1723 1569 1807 1635 per
1828 1570 1974 1618 vitam
1997 1570 2246 1620 affeffionis
2264 1575 2384 1620 vivi-

375 1638 605 1695 ficantur;
639 1637 743 1700 haeg
764 1637 831 1693 est
850 1638 1094 1702 conceptio
1114 1636 1368 1701 Rationalis
1398 1635 1600 1684 hominis
1637 1653 1664 1684 a
1698 1636 1764 1684 ud
1785 1638 2159 1701 unumquemviS.
2234 1638 2384 1701 Qiod

374 1703 513 1768 suerit
548 1704 709 1754 ancilla
730 1704 974 1768 AEgyptia,
1020 1704 1074 1752 ὅτ
1111 1703 1200 1752 hoc
1236 1703 1430 1761 dicatur,
1463 1701 1592 1752 causa
1625 1719 1650 1750 e
1691 1738 1707 1760 ,
1760 1706 1868 1768 quia
1882 1702 2121 1769 IEgyptus
2159 1704 2383 1770 fignificat

374 1769 594 1830 scientias,
629 1782 683 1819 ut
704 1769 932 1820 ostensum
955 1771 1082 1834 prius
1106 1771 1339 1832 n:·1164.
1370 1770 1511 1832 1165.
1545 1769 1684 1819 1186.
1713 1773 1855 1830 1462.

449 1839 591 1902 1896.
625 1838 817 1887 Nomen
854 1833 952 1900 ejus
973 1837 1156 1900 Hagar,
1189 1836 1319 1900 quod
1358 1835 1584 1901 significet
1615 1836 1760 1884 vitam
1798 1834 1999 1898 hominis
2037 1837 2270 1885 exterioris
2306 1838 2381 1886 seu

373 1903 604 1961 naturalis„
639 1902 844 1951 constare
865 1900 1014 1966 potest
1037 1903 1094 1951 ab
1117 1902 1205 1950 illis
1229 1918 1337 1967 quae
1360 1902 1480 1950 dista
1502 1900 1622 1958 sunt,
1648 1914 1745 1950 tam
1768 1917 1793 1948 a
1811 1901 2142 1967 significatione
2160 1904 2214 1951 H
2301 1906 2377 1962 ris,

371 1970 502 2034 quod
525 1966 579 2017 fit
599 1969 838 2034 peregrina
859 1967 935 2016 seu
957 1970 1279 2035 peregrinans3
1314 1968 1541 2034 peregrini
1569 1967 1941 2032 repraesentabant
1963 1984 2057 2026 εοε,
2091 1971 2172 2033 qui
2195 1920 2380 2019 itiiffiue-

372 2047 546 2094 rentur‚
581 2036 632 2085 ὅτ
654 2035 960 2100 peregrinatio
982 2035 1341 2093 instructionem,
1375 2046 1480 2083 tum
1511 2036 1610 2083 vita
1647 2033 1865 2092 instituta,
1901 2046 1954 2082 ut
1989 2033 2215 2085 ostensum
2254 2038 2380 2099 prius

372 2118 407 2151 n
428 2120 440 2152 ε
475 2102 623 2166 1463.
659 2103 785 2151 Cum
809 2101 857 2149 in
879 2101 1037 2150 Verbo
1060 2101 1246 2159 dicitur,
1280 2100 1407 2165 quod
1432 2115 1602 2149 nomen
1624 2098 1720 2164 ejus
1743 2101 1823 2157 est,
1858 2112 1912 2149 ut
1945 2099 2020 2148 hic
2056 2102 2183 2165 quod
2208 2107 2378 2151 nomen

369 2166 468 2233 ejus
490 2169 671 2232 Hagar,
706 2167 928 2231 fignificat
947 2168 1079 2231 quod
1102 2183 1271 2219 nomen
1293 2167 1482 2230 aliquod
1503 2167 1709 2214 involvat
1729 2167 1857 2230 quod
1882 2164 2232 2225 observandum,
2269 2186 2377 2218 nam

373 2234 562 2283 nomine
598 2249 761 2282 vocare
796 2231 863 2281 est
900 2233 1022 2281 noffe
1054 2233 1200 2298 qualis
1236 2231 1319 2291 est,
1353 2243 1407 2280 ut
1434 2230 1663 2280 ostensum
1695 2235 1838 2298 prius,
1875 2249 1938 2281 n:
1972 2248 2079 2294 ¹44·
2111 2252 2217 2297 145.
2244 2253 2372 2300 340:

373 2316 431 2347 ne
453 2299 643 2363 quidem
664 2299 829 2348 vocula
852 2300 908 2346 in*
922 2298 1081 2348 Verbo
1099 2298 1164 2348 est
1184 2298 1350 2364 absque
1373 2297 1519 2358 causa,
1555 2298 1605 2347 δε
1636 2297 1801 2363 absque
1831 2298 2157 2364 significatione
2196 2303 2258 2349 rei
2295 2293 2375 2350 ali'-

372 2363 503 2430 cujus
532 2367 580 2413 in
611 2365 736 2414 sensu
769 2367 961 2419 interno.

404 2425 409 2431 ’
447 2436 586 2497 1897.
621 2430 743 2480 Vers
752 2450 764 2480 ε
790 2428 833 2482 2.
869 2432 934 2480 Et
964 2431 1079 2481 dixit
1101 2433 1232 2480 Sarai
1253 2431 1315 2480 ad
1329 2432 1510 2490 Abram,
1545 2447 1632 2480 ecce
1653 2433 1787 2498 quaeso
1811 2432 2004 2492 concludit
2027 2449 2092 2481 me
2113 2434 2320 2496 Jehovah
2343 2454 2373 2483 a

362 2499 586 2561 pariendo,
620 2499 835 2562 ingredere
865 2499 999 2563 quaeso
1029 2498 1091 2547 ad
1107 2499 1306 2547 ancillam
1329 2515 1478 2554 meam,
1498 2497 1624 2561 sorte
1647 2497 1885 2558 aedzficabor
1915 2500 1972 2547 ab
2011 2516 2079 2556 ea,
2115 2499 2171 2550 δέ
2206 2502 2371 2565 auscul-

371 2567 495 2613 tavit
511 2565 674 2626 Abram
693 2567 792 2613 voci
815 2567 958 2613 Sarai.
1027 2566 1161 2614 Dixit
1192 2566 1312 2613 Sarai
1350 2565 1410 2612 ad
1430 2563 1625 2621 Abram,
1661 2563 1884 2629 fignificat
1920 2565 2049 2629 quod
2085 2566 2148 2613 ita
2183 2583 2370 2633 percep·

370 2641 494 2687 tum,
527 2646 632 2679 ecce
665 2629 823 2695 quaeso
861 2630 1083 2679 conclusit
1119 2648 1194 2680 me
1217 2631 1426 2693 Jehovah
1463 2647 1490 2678 a
1527 2631 1761 2695 pariendo,
1798 2629 2018 2694 fignificat
2050 2631 2216 2680 statum
2244 2647 2373 2682 ante—

370 2702 511 2759 quam
536 2696 727 2743 Interior
758 2695 831 2742 seu
853 2697 1054 2744 Divinus
1090 2697 1312 2745 rationalis
1341 2696 1485 2744 homo
1507 2709 1668 2744 natus:
1705 2698 1940 2767 ingredere
1973 2695 2127 2758 quaeso
2150 2699 2204 2746 ad
2230 2699 2369 2749 ancil·

367 2761 461 2810 lam
485 2776 654 2819 meam,
689 2761 913 2825 fignificat
935 2760 1302 2826 conjunctionem
1327 2777 1437 2812 curn
1469 2763 1710 2810 exteriori:
1745 2764 1862 2810 forte
1900 2762 2162 2812 aedifitabor
2202 2765 2259 2812 ab
2297 2783 2363 2823 ea,

367 2827 592 2892 fignificat
626 2827 687 2875 fic
718 2826 835 2876 nasci
858 2827 980 2891 poss'e
1002 2827 1240 2877 rationale:
1276 2829 1326 2877 &
1349 2826 1616 2876 auscultavit
1641 2827 1819 2877 Abram
1842 2830 1946 2877 voci
1970 2829 2106 2888 Sarai,
2141 2830 2364 2895 fignificat

365 2910 460 2943 non
482 2894 610 2943 aliter
630 2894 728 2941 fieri
751 2894 955 2958 potuiffe.

442 2964 583 3023 1898.
619 2960 766 3021 Quod
789 2960 907 3007 dixit
925 2960 1044 3008 Sarai
1067 2959 1124 3008 ad
1149 2960 1344 3018 Abram,
1381 2956 1603 3026 significet
1626 2960 1754 3026 quod
1778 2963 1838 3010 ita
1868 2974 2154 3027 perceptum,
2190 2965 2362 3014 constat

364 3042 424 3076 ex
454 3026 780 3091 significatione
803 3027 923 3075 Sarai
963 3027 1013 3076 &
1036 3027 1249 3085 Abi-ami,
1282 3028 1411 3091 quod
1450 3042 1616 3091 nempe
1637 3029 1758 3076 Sarai
1796 3028 1850 3076 sit
1872 3029 2051 3077 Verum
2092 3030 2361 3095 adjunctum

366 3094 516 3151 Bone,
550 3094 602 3142 &
625 3093 802 3142 Abram
825 3094 1031 3142 Internus
1051 3094 1258 3151 Homo;
1288 3110 1426 3158 quare
1464 3094 1592 3158 quod
1632 3111 1657 3142 a
1685 3093 1804 3143 Sarai
1835 3093 2045 3144 Abramo
2080 3097 2277 3153 dicium,
2314 3099 2360 3143 in

364 3158 489 3207 sensu
529 3160 704 3208 interno
742 3164 836 3208 non
875 3159 1075 3224 aliquam
1113 3161 1504 3225 colloquutionem
1540 3159 1790 3225 significare
1810 3161 1973 3226 potest,
2009 3161 2081 3211 sed
2106 3162 2357 3227 perceptio-

363 3240 502 3275 nemz
533 3227 768 3291 perceptio
787 3226 982 3276 Domini
1006 3239 1117 3278 tunc
1139 3225 1228 3276 fuit
1249 3243 1275 3276 a
1298 3228 1424 3342 Ἷεὲο
1446 3225 1659 3293 adjuncto
1682 3228 1831 3286 Bone,
1867 3227 1994 3293 quod
2016 3229 2104 3294 Ipli
2143 3228 2353 3343 didtabait,

531 3323 539 3329 .
1424 3312 1450 3343 2
2119 3309 2294 3357 quomo
2330 3310 2359 3342 o
