2826 3736
583 285 960 351 CAPUT
1011 283 2163 350 DECIMUMSEPTIMUM.
2318 310 2396 372 13

398 423 504 473 inde
527 438 609 488 per
633 422 924 488 multiplicari
949 424 996 469 in
1018 422 1150 471 valde
1170 423 1321 480 valde,
1362 421 1642 487 significatur
1669 418 1963 468 fruCtificatio
1988 419 2082 465 ver-i
2118 434 2172 464 ex
2197 419 2318 469 bono
2353 424 2401 469 in

395 490 647 538 infinitum.

470 560 609 621 1998.
644 554 766 604 Vers
775 574 786 605 ε
815 573 858 619 3.
895 558 960 604 Et
984 556 1131 603 cecidit
1148 557 1314 604 Abram
1338 557 1471 620 super
1491 555 1632 618 facies
1657 555 1796 618 suas;
1834 553 1889 602 &²
1922 552 2116 618 loquutus
2139 552 2192 611 qli
2214 568 2307 609 cum
2327 554 2404 601 illo·

398 624 535 680 Deus,
571 622 752 671 dicendo.
823 622 1003 670 Cecidit
1022 621 1201 669 Abram
1240 621 1372 686 super
1407 620 1541 670 facies
1581 621 1691 677 suas,
1731 619 1952 684 fignificat
1974 620 2312 667 adorationem:
2349 622 2399 667 &t

398 689 618 753 loquutus
640 704 750 736 cum
773 688 858 736 illo
878 689 1024 745 DeuS,
1061 688 1273 745 dicendo,
1298 688 1519 752 fignificat
1544 689 1844 752 perceptionis
1868 685 2063 750 gradum
2083 707 2097 741 ;
2132 686 2259 732 Deus
2284 686 2398 733 dici-

399 768 489 812 tur,
524 757 631 819 quia
651 770 732 818 per
746 756 903 803 Deum
921 754 1160 811 Schaddai,
1183 771 1322 819 quem
1340 754 1574 802 Abramus
1598 754 1756 811 coluit,
1781 752 2119 817 repraesentatur
2133 751 2364 800 Dominus
2383 775 2397 807 ;

397 834 502 869 tum
525 822 633 886 quia
653 821 711 868 de
733 836 845 869 vero
877 822 1044 884 agitur,
1081 821 1209 885 quod
1233 822 1485 869 uniendum
1508 822 1644 870 bono.

472 902 609 949 1999.
647 888 827 935 Cecidit
851 887 1034 950 Abram
1054 886 1184 951 super
1206 885 1340 935 facies
1364 887 1475 943 suas,
1512 888 1640 951 quod
1670 886 1892 952 fignificet
1924 886 2254 942 adorationem,
2290 901 2401 933 con-

399 952 483 1001 stat
507 954 669 1018 absque
693 955 1011 1018 explicatione.
1083 955 1254 1002 Cadere
1291 954 1422 1017 super
1453 952 1586 1002 facies
1620 952 1708 1002 fuit
1741 956 1853 1002 ritus
1872 953 2102 1001 adorandi
2128 955 2402 1016 Antiquiffi-

399 1036 494 1068 mae
517 1020 751 1078 Ecclefiae,
787 1021 836 1068 &
861 1020 966 1068 inde
990 1021 1325 1083 Antiquomm,
1362 1035 1419 1066 ex
1440 1019 1567 1066 causa
1589 1022 1696 1083 quia
1719 1018 1853 1067 facies
1870 1019 2151 1085 significabat
2175 1021 2400 1076 interiora,

399 1102 599 1149 quorum
624 1087 949 1135 humiliationis
978 1086 1114 1133 status
1146 1083 1545 1148 repraesentabatur
1578 1101 1658 1149 per
1689 1087 1845 1133 cadere
1869 1086 2000 1151 super
2023 1084 2156 1134 facies
2177 1108 2191 1142 ·,
2210 1086 2333 1132 ‘inde
2355 1088 2402 1132 in

396 1154 600 1202 Ecclesia
621 1152 1007 1216 Repraesentativa
1022 1150 1214 1212 Judaica
1247 1150 1424 1199 solenne
1454 1149 1661 1207 factum3
1698 1152 1899 1200 adoratio
1921 1169 2027 1200 vera
2048 1151 2122 1200 seu
2146 1152 2404 1200 humiliatio

400 1220 549 1268 cordis
580 1218 926 1283 prostrationem
956 1217 1015 1265 ad
1048 1230 1212 1266 terram
1251 1216 1382 1282 super
1415 1217 1548 1266 facies
1577 1234 1730 1266 coram
1752 1219 1981 1277 Domino,
2016 1231 2069 1266 ut
2104 1218 2286 1283 gestum
2324 1235 2404 1265 na-

397 1283 600 1333 turaliter
638 1285 743 1332 inde
779 1285 1100 1349 profluentem,
1136 1284 1289 1331 secum
1329 1283 1497 1341 habet,
1534 1286 1581 1332 in
1621 1285 1934 1333 humiliatione
1974 1287 2098 1333 enim
2135 1285 2302 1342 cordiS,
2338 1285 2401 1332 est

401 1353 576 1416 agnitio
597 1350 679 1408 sui,
713 1351 841 1415 quod
870 1350 981 1398 nihil
1005 1350 1086 1397 nisi
1120 1350 1334 1415 spurcum
1371 1351 1442 1408 fit,
1478 1352 1528 1399 ὅτ
1562 1351 1695 1399 simul
1726 1353 1901 1416 agnitio
1926 1352 2120 1399 infinitae
2145 1351 2405 1401 Misericor-

401 1419 492 1466 diae
514 1419 709 1466 Domini
732 1433 840 1481 erga
878 1417 996 1473 tale,
1033 1417 1080 1463 in
1112 1417 1280 1481 quibus
1311 1417 1619 1482 agnitionibus
1646 1434 1755 1466 cum
1779 1431 1957 1467 tenetur
1980 1434 2123 1476 mem,
2161 1418 2252 1482 ipsa
2276 1435 2406 1467 mens

400 1482 553 1532 versus
576 1482 805 1532 infernum
837 1482 878 1531 se
914 1483 1132 1541 demittit,
1168 1484 1219 1531 &
1254 1485 1494 1548 prosternit
1526 1501 1709 1549 corpus,
1745 1501 1828 1534 nec
1860 1485 1902 1533 se
1925 1486 2068 1533 elevat
2090 1484 2355 1550 priusquam
2379 1502 2406 1533 a

399 1551 611 1600 Domino
636 1550 836 1599 elevatur
853 1572 870 1606 ·,
906 1549 1034 1614 quod
1057 1550 1112 1597 fit
1135 1551 1182 1597 in
1205 1551 1335 1598 omni
1358 1567 1464 1598 vera
1496 1550 1809 1600 humiliatione
1847 1566 1957 1600 cum
1996 1553 2284 1615 perceptione
2317 1552 2407 1599 ele·

399 1618 592 1666 vationis
612 1633 671 1666 ex
694 1616 1006 1665 Misericordia
1026 1617 1221 1664 Domini
1240 1640 1255 1674 ς
1290 1615 1391 1665 talis
1412 1615 1502 1665 fuit
1521 1618 1777 1666 humiliatio
1799 1618 2043 1667 hominum
2062 1619 2409 1682 Antiquiffimae

402 1683 618 1732 Ecclefiae
639 1707 654 1741 ς
690 1683 764 1732 sed
789 1684 918 1732 aliter
933 1682 975 1731 se
991 1682 1125 1731 habet
1148 1699 1259 1732 cum
1281 1684 1560 1743 adoratione,
1595 1701 1702 1750 quae
1717 1701 1809 1734 non
1823 1701 1880 1733 ex
1903 1685 2218 1734 humiliatione
2240 1684 2407 1743 cordis,

401 1750 609 1799 videatur
631 1767 692 1801 n:
725 1767 864 1816 1153.
902 1750 1048 1816 Qod
1070 1751 1304 1800 Dominus
1325 1751 1531 1800 adoravit
1554 1753 1604 1800 &
1628 1754 1775 1800 oravit
1793 1753 2024 1815 jehovam
2046 1752 2230 1801 Patrem
2254 1750 2409 1810 suum,

401 1833 459 1864 ex
480 1817 640 1866 Verbo
672 1818 796 1882 apud
817 1816 1129 1880 Evangelistas
1167 1830 1332 1865 notum
1367 1819 1448 1875 est,
1484 1819 1534 1866 δε
1573 1818 1662 1866 hoc
1685 1819 1801 1868 ficut
1823 1820 1966 1867 alium
1989 1835 2014 1866 a
2037 1818 2098 1876 se,
2130 1819 2304 1867 tametsi
2329 1819 2407 1880 je-

404 1882 555 1930 hovah
577 1885 625 1930 in
650 1883 788 1947 Ipso·,
823 1882 898 1931 sed
937 1882 1075 1931 status
1114 1884 1162 1931 in
1196 1899 1293 1948 quo
1325 1895 1436 1932 tunc
1461 1885 1695 1933 Dominus
1718 1883 1879 1943 fuerat,
1914 1883 2051 1933 status
2080 1885 2410 1932 humiliationis

404 1949 550 2013 Ipfius
584 1947 690 2006 fuit,
725 1950 805 2013 qui
843 1948 988 2013 qualis
1019 1947 1124 2007 fuit,
1159 1951 1208 1997 in
1236 1952 1364 1998 Parte
1388 1952 1545 1999 Prima
1567 1951 1747 1999 dietum
1767 1950 1848 2010 est,
1884 1967 2049 2015 nempe
2072 1950 2198 2016 quod
2224 1962 2335 1999 tunc
2360 1953 2407 1998 in

406 2016 593 2064 infirmo
621 2016 840 2073 humano,
877 2015 1005 2079 quod
1028 2032 1055 2063 a
1077 2028 1221 2065 matre
1241 2014 1360 2074 fuit3
1397 2030 1443 2066 at
1462 2031 1685 2082 quantum
1720 2019 1807 2066 hoc
1833 2019 1974 2076 exuit,
2009 2019 2059 2066 &
2083 2018 2315 2066 Divinum
2337 2018 2406 2065 in-

404 2081 523 2140 duit,
559 2095 737 2130 tantum
763 2084 809 2130 in
833 2082 924 2130 alio
945 2081 1061 2130 statu
1084 2080 1189 2140 fuit,
1224 2085 1307 2147 qui
1330 2083 1470 2133 status
1494 2084 1663 2132 dicitur
1682 2083 1822 2132 status
1845 2084 2204 2133 Glorificationis
2227 2083 2374 2149 Ipsius
2397 2107 2411 2140 3

404 2148 452 2196 in
491 2149 630 2213 priori
669 2148 786 2197 statu
823 2149 1028 2197 adoravit
1050 2149 1277 2211 jehovam
1320 2150 1434 2199 ficut
1467 2151 1610 2198 alium
1648 2168 1673 2198 a
1693 2152 1767 2208 Se,
1804 2151 1979 2199 tametsi
2017 2153 2064 2198 in
2087 2151 2163 2209 Se,
2197 2165 2322 2209 nam,
2355 2164 2410 2199 ut

406 2213 601 2273 dictum,
636 2215 872 2263 Internum
895 2215 1040 2279 Ipsius
1059 2214 1151 2263 fuit
1170 2216 1410 2277 jehovah3
1445 2215 1520 2264 sed
1545 2218 1593 2264 in
1614 2217 1720 2274 hoc,
1756 2234 1923 2283 nempe
1962 2216 2078 2265 statu
2115 2217 2409 2282 glorificatio-

406 2282 492 2338 nis,
528 2283 747 2345 loquutus
769 2282 833 2329 est
853 2297 963 2328 cum
985 2281 1212 2343 jehovah,
1247 2295 1302 2330 ut
1332 2298 1442 2330 cum
1464 2283 1539 2341 Se,
1574 2299 1682 2331 nam
1705 2282 1794 2332 fuit
1817 2284 1915 2349 Ipse
1939 2284 2162 2347 Jehovah.
2199 2285 2270 2332 At
2291 2299 2408 2349 quo-

406 2347 552 2395 modo
579 2347 680 2395 haec
714 2347 756 2395 se
778 2347 961 2407 habent,
997 2364 1092 2396 non
1127 2349 1228 2413 capi
1269 2349 1432 2413 potest,
1470 2349 1550 2397 nisi
1583 2351 1745 2400 sciatur
1775 2351 1890 2416 quid
1914 2352 2168 2409 Internum,
2203 2351 2255 2399 ὅτ
2290 2366 2407 2415 quo-

406 2414 551 2462 modo
573 2414 809 2462 Internum
832 2416 928 2478 agit
958 2416 1005 2462 in
1029 2415 1327 2473 Externum;
1362 2417 1414 2464 ὅτ
1450 2432 1590 2482 porro
1630 2418 1873 2482 quomodo
1892 2418 2128 2467 Internum
2166 2417 2217 2466 &
2241 2417 2407 2466 Exter-

396 2487 520 2528 ‘num
546 2482 661 2528 inter
683 2480 725 2528 se
764 2480 970 2534 distincta
994 2479 1113 2539 sunt,
1148 2481 1199 2529 &
1237 2480 1377 2547 usque
1401 2482 1672 2549 conjuneta3
1708 2484 1782 2532 sed
1807 2497 1959 2533 tamen
1982 2485 2070 2533 hoc
2093 2483 2300 2532 illustrari
2322 2499 2407 2549 po·

407 2545 490 2593 test
529 2563 611 2611 per
647 2547 806 2606 simile,
842 2562 1008 2611 nempe
1046 2563 1127 2611 per
1149 2548 1387 2597 Internum
1422 2552 1543 2615 apud
1585 2551 1841 2609 hominem,
1876 2552 1927 2600 δι
1966 2549 2062 2615 ejus
2096 2552 2323 2599 influxum
2355 2552 2407 2598 &

406 2614 712 2675 operationem
752 2614 798 2660 in
821 2614 1078 2661 Externum
1117 2614 1239 2678 apud
1278 2632 1388 2664 eum
1410 2639 1427 2673 ·,
1461 2617 1590 2681 quod
1629 2617 1776 2666 homo
1797 2618 2032 2666 Internum
2067 2618 2242 2675 habeat,
2277 2616 2408 2680 quod

406 2676 597 2726 interius
636 2676 711 2726 fieu
734 2678 988 2736 Rationale,
1024 2679 1074 2727 &
1115 2680 1243 2743 quod
1265 2681 1544 2740 Externum,
1578 2683 1788 2731 videatur
1821 2686 1947 2749 prius
1979 2700 2041 2732 n:
2072 2688 2213 2745 1889,
2245 2697 2405 2745 1940;

407 2743 647 2792 Internum
689 2743 887 2792 hominis
920 2744 984 2792 est
1023 2759 1080 2797 ex
1118 2761 1214 2808 quo
1252 2747 1398 2795 homo
1432 2747 1496 2795 est
1534 2748 1694 2807 homo,
1730 2751 1781 2797 δε
1804 2766 1885 2814 per
1907 2750 2034 2814 quod
2059 2748 2354 2814 distinguitur
2385 2765 2410 2796 a

407 2808 550 2859 brutis
572 2810 872 2867 animalibus;
907 2826 990 2875 per
1026 2809 1113 2858 hoc
1138 2811 1373 2861 Internum
1398 2815 1534 2862 ·vivit
1571 2815 1715 2864 homo
1811 2816 1851 2864 st
1879 2830 2096 2874 mortem,
2131 2817 2181 2865 &
2205 2819 2254 2864 in
2274 2830 2404 2865 aeter-

408 2892 556 2933 num,
590 2878 642 2925 δε
681 2892 762 2941 per
800 2877 913 2924 illud
952 2893 978 2924 a
999 2876 1207 2925 Domino
1246 2879 1363 2928 inter
1385 2881 1594 2945 Angelos
1633 2886 1757 2947 potel
1811 2883 2009 2940 elevari,
2043 2882 2107 2932 est
2144 2882 2235 2947 ipsa
2257 2886 2404 2947 prima

408 2941 556 2991 forma
577 2959 634 2991 ex
655 2960 746 3008 qua
768 2943 914 2992 homo
934 2943 988 2991 fit
1011 2944 1061 2991 δε
1082 2942 1144 2990 est
1177 2944 1350 3002 homo·,
1385 2962 1468 3012 per
1488 2947 1724 2997 Internum
1750 2949 2090 3012 hoc.Dominus
2129 2951 2283 2997 unitur
2320 2949 2401 2996 ho-

409 3011 557 3066 mini;
594 3009 740 3073 ipsum
781 3011 972 3058 Coelum
995 3011 1205 3059 Domino
1241 3015 1511 3077 proximum
1543 3014 1606 3063 est
1641 3016 1698 3064 ab
1732 3012 1924 3065 Inter'nis
1960 3017 2030 3064 his
2067 3016 2290 3072 humanis,
2327 3014 2402 3062 sed

408 3074 550 3140 usque
583 3075 715 3140 supra
735 3076 926 3125 Coelum
964 3078 1181 3125 intimum
1216 3079 1521 3144 Angelicum,
1553 3098 1691 3146 quare
1731 3082 1806 3131 illa
1845 3082 1949 3131 sunt
1989 3083 2132 3147 Ipfius
2172 3082 2398 3133 Domini·,

410 3143 473 3189 ita
493 3157 631 3189 omne
656 3143 933 3190 Humanum
957 3138 1116 3191 Gentis
1148 3144 1212 3192 est
1233 3146 1625 3210 praesentiffimum
1659 3147 1740 3197 sub
1762 3151 1907 3198 oculis
1928 3151 2153 3204 Domini;
2180 3146 2398 3201 distantia,

409 3223 516 3270 quae
551 3220 735 3271 apparet
772 3210 818 3256 in
862 3206 1086 3258 sublunari
1133 3211 1258 3271 orbe,
1306 3213 1429 3262 nulla
1466 3214 1528 3262 est
1568 3217 1615 3263 in
1655 3217 1794 3274 coelo,
1846 3218 1996 3265 minus
2036 3215 2166 3277 supra
2204 3213 2400 3268 coelum,

407 3273 645 3323 videantur
666 3289 773 3338 quae
794 3273 851 3324 ab
871 3277 1158 3340 experientia,
1193 3295 1255 3329 n:
1289 3296 1428 3346 1275.
1453 3296 1606 3347 1277:
1642 3283 1824 3333 Interna
1845 3283 1919 3331 illa
1942 3282 2183 3332 hominurn
2207 3277 2400 3391 nonbha-

2328 3355 2405 3392 ent
