2788 3744
655 258 1017 323 CAPUT
1076 251 1636 326 DECIMUM
1702 260 2152 328 NONUM.
2349 289 2430 350 31

410 388 568 448 vidire,
603 389 715 446 odii,
769 388 1003 445 vindidte‚
1057 386 1459 444 immisericordiae,
1510 385 1736 444 adulterii,
1781 387 1865 451 qui
1902 386 2054 452 aliqua
2095 390 2267 455 ingenii
2311 393 2420 446 dote

408 456 568 523 pollet,
606 456 906 504 characterem
947 453 1135 520 alicujus
1177 456 1359 503 illorum
1399 453 1480 502 fibi
1518 451 1666 512 faciat,
1701 465 1781 502 aut
1817 453 1852 502 fi
1891 457 2043 518 poffit,
2077 472 2232 505 coram
2258 458 2317 516 se,
2352 460 2417 510 se·

407 522 616 573 cundum
641 525 778 582 ideas,
814 538 925 588 quas
950 522 1005 570 ab
1028 523 1314 587 experientia,
1350 521 1600 569 scientia&
1632 522 1805 570 ratione
1843 521 1902 569 de
1940 521 2028 570 illis
2067 538 2224 587 capere
2262 527 2412 591 ponit,

405 591 640 656 depingat,
677 605 787 638 tunc
812 590 1004 646 videbit,
1038 584 1262 652 quantum
1299 587 1431 636 inst-at
1475 587 1769 638 describendo
1804 587 1876 636 vel
1924 588 2234 654 depingendo,
2267 607 2411 655 quam

400 657 629 706 horrenda
652 653 754 714 fint,
791 659 841 703 ὅσ
881 655 1009 720 quod
1046 655 1134 702 sint
1170 654 1334 702 formae
1374 651 1630 712 diabolicae,
1665 655 1715 705 in
1751 654 1919 719 quibus
1957 655 2070 703 nihil
2115 656 2407 718 humanum;

401 717 678 788 ejuscemodi
708 721 873 770 formae
913 722 1031 770 fiunt
1069 736 1228 769 omnes
1268 721 1332 768 illi
1368 719 1472 784 post
1509 732 1743 780 mortem,
1795 722 1877 786 qui
1905 719 2171 786 jucundum
2209 725 2320 775 vitae
2357 726 2405 778 in

399 787 564 838 talibus
588 790 864 853 percipiunt,
901 804 951 837 ac
988 804 1043 835 eo
1082 788 1402 844 horribilioreS,
1436 804 1544 851 quo.
1572 788 1678 851 plus
1709 786 1934 852 jucundi:
1970 790 2160 840 viciffim
2194 802 2348 843 autem
2369 789 2404 844 fi

395 855 693 910 diaraafterem
719 855 800 902 fibi
825 854 955 903 saciat
978 856 1144 903 amoris
1166 856 1215 903 &
1241 855 1480 911 charitatiS,
1515 866 1594 902 aut
1616 870 1802 919 quoque
1832 870 1915 919 per
1945 853 2144 905 formam
2166 854 2245 908 fibi
2270 856 2403 911 illum

394 925 645 987 exprimat,
683 921 872 980 videbit,
909 935 1129 986 quantum
1172 921 1302 968 instat
1334 919 1628 968 describendo
1652 934 1732 970 aut
1766 921 2051 978 delineando‚
2087 922 2214 987 quod
2253 921 2403 977 forma

394 986 451 1039 fit
472 989 691 1055 angelica,
725 989 857 1053 plena
897 988 1034 1037 beatis
1067 991 1115 1036 δι
1139 988 1358 1052 pulchris,
1394 987 1441 1033 in
1480 1001 1571 1050 qua
1606 987 1786 1037 coeleste
1822 989 1873 1036 ὅτ,
1897 990 2161 1046 Divinum3
2197 1006 2254 1041 an
2276 988 2399 1057 quis-

427 1073 533 1104 uarn
558 1057 736 1105 credere
760 1057 910 1120 possit,
945 1055 1073 1119 quod
1097 1055 1219 1101 binae
1242 1053 1332 1100 illae
1353 1050 1520 1099 formae
1543 1051 1678 1100 fimul
1705 1053 1790 1102 effe
1811 1057 1977 1118 poffint
2002 1077 2018 1111 ·,
2047 1057 2098 1105 ὅτ
2127 1057 2258 1124 quod
2291 1048 2399 1111 exui

392 1073 616 1172 Eiabolica
654 1122 729 1170 illa
768 1120 932 1178 forma,
967 1121 1017 1168 &
1055 1117 1285 1167 transcribi
1324 1120 1372 1166 in
1406 1116 1620 1166 formam.
1644 1118 1865 1168 charitatis
1905 1134 2055 1184 queat,
2099 1123 2149 1171 &
2189 1123 2278 1173 hoc
2313 1141 2398 1201 per

391 1186 554 1246 fidem,
589 1189 664 1237 cui
704 1189 922 1236 contraria
961 1184 1022 1233 est
1061 1187 1185 1242 vita3
1221 1183 1324 1250 post
1355 1197 1554 1233 mortem
1575 1186 1703 1235 enim
1723 1198 1877 1235 manet
1899 1190 2258 1251 unumquemvis
2281 1204 2395 1250 vita,

389 1254 464 1302 seu
487 1253 614 1319 quod
639 1255 779 1311 idem,
817 1254 1011 1310 affectio,
1047 1251 1296 1300 secundum
1336 1252 1452 1299 hanc
1488 1250 1553 1300 est
1590 1263 1701 1301 tunc
1739 1253 1890 1303 omnis
1929 1256 2167 1318 cogitatio,
2198 1258 2392 1320 proinde

370 1322 521 1378 fideti,
556 1338 663 1386 quze
688 1321 728 1368 se
753 1321 811 1368 fic
847 1319 1113 1375 manifestat,
1149 1319 1292 1383 qualis
1314 1318 1450 1366 corde
1473 1316 1632 1366 fuerat.

459 1387 601 1452 2364.
639 1388 703 1435 Et
726 1386 896 1435 faciatis
919 1390 981 1434 eis
1005 1385 1116 1433 ficut
1137 1385 1385 1434 bonumin
1409 1385 1553 1433 oculis
1575 1384 1751 1443 vestris,
1785 1387 1914 1449 quod
1947 1387 2171 1451 significet
2208 1386 2389 1441 fruitio-

385 1470 492 1502 nem
533 1467 758 1519 quantum
795 1469 851 1500 ex
888 1454 1028 1510 bono,
1063 1453 1199 1500 etiam
1239 1451 1440 1499 constare
1478 1451 1626 1515 potest
1663 1467 1722 1500 ex
1761 1447 1889 1501 sensu
1921 1454 2187 1513 verborum,
2222 1469 2326 1508 tum
2363 1474 2391 1510 a

384 1518 508 1577 serie,
561 1535 669 1568 cum
711 1537 761 1567 ea
799 1519 1105 1583 praedicantur
1142 1519 1201 1566 de
1246 1517 1575 1575 affectionibus,
1626 1534 1734 1582 quae
1779 1534 1861 1582 per
1905 1519 2018 1568 filias
2061 1521 2387 1585 significantur.

383 1585 530 1651 QOd
566 1587 811 1650 prudenter
844 1585 885 1633 se
914 1586 1198 1649 applicuerit,
1234 1584 1536 1647 significatum
1572 1583 1638 1630 est
1659 1600 1743 1647 per
1762 1583 1890 1648 quod
1912 1587 2055 1634 exivit
2076 1588 2133 1636 ad
2156 1604 2233 1637 eos
2257 1590 2389 1640 Loth

381 1654 439 1701 ad
455 1651 661 1718 januam,
698 1669 759 1701 n:
789 1653 935 1716 2356,
970 1649 1064 1716 ipsa
1098 1651 1339 1716 prudentia
1377 1667 1436 1698 ex
1469 1649 1539 1697 his
1579 1649 1712 1699 dietis
1741 1650 1792 1699 ὅτ
1825 1650 2009 1715 reliquis
2044 1655 2091 1701 in
2130 1654 2218 1703 hoc
2241 1654 2386 1709 Versu

378 1731 518 1782 patet,
554 1736 720 1784 nempe
745 1721 871 1783 quod
902 1718 1156 1766 fruerentur
1186 1717 1459 1764 beatitudine
1483 1715 1776 1766 affectionum
1802 1716 1911 1765 boni
1933 1719 1983 1768 &
2007 1722 2122 1778 veri,
2155 1734 2384 1786 quantum

378 1801 437 1832 ex
474 1785 616 1842 bono,
659 1785 786 1848 quod
828 1784 1104 1849 significatur
1141 1800 1223 1846 per
1260 1783 1384 1846 quod
1426 1782 1619 1830 facerent
1663 1785 1725 1831 eis
1765 1783 1879 1833 ficut
1918 1784 2094 1834 bonum
2142 1788 2189 1837 in
2236 1789 2382 1840 oculis

379 1867 575 1907 eorum3
610 1849 702 1897 frui
725 1862 950 1913 quantum
973 1866 1030 1897 ex
1062 1849 1201 1906 bono,
1237 1851 1311 1896 hic
1347 1848 1428 1907 est,
1462 1861 1686 1911 quantum
1729 1849 1888 1897 scirent
1926 1853 2054 1913 quod
2093 1853 2147 1901 fit
2186 1852 2378 1914 bonum,

378 1917 494 1964 ultra
522 1933 659 1964 nemo
681 1916 911 1980 obligatur
931 1939 945 1971 ;
978 1916 1222 1963 fleetuntur
1244 1915 1365 1962 enim
1390 1931 1550 1962 omnes
1574 1931 1598 1961 a
1620 1916 1830 1964 Domino
1866 1915 1924 1962 ad
1959 1916 2132 1968 bomun
2162 1920 2273 1968 vitae
2295 1937 2377 1974 ner

365 1977 551 2031 ‘bonum
581 1982 689 2030 fidei
724 1999 901 2039 eorum,
937 1983 999 2029 ita
1034 1983 1160 2029 aliter
1196 1994 1352 2045 gentes
1388 1997 1528 2044 quam
1553 1981 1809 2038 Christiani,
1845 1981 1972 2030 aliter
1994 1983 2217 2048 simplices
2238 2003 2380 2050 quam

372 2049 514 2107 doffi,
549 2049 675 2097 aliter
712 2047 903 2096 infantes
943 2065 1084 2112 quarn
1120 2049 1295 2103 adulti;
1331 2049 1413 2111 qui
1444 2047 1566 2094 malo
1595 2047 1860 2096 imbuerunt
1880 2049 2043 2106 vitam,
2077 2051 2109 2097 ii
2133 2052 2378 2105 flectuntur

372 2132 453 2180 per
474 2116 601 2179 quod
623 2114 866 2162 abstineant
890 2131 916 2162 a
949 2114 1087 2172 malo,
1123 2131 1174 2162 ac
1214 2114 1447 2161 intendant
1481 2113 1673 2171 bonum,
1709 2116 1758 2161 δε
1795 2114 1882 2164 hoc
1922 2113 2087 2164 faciant
2123 2116 2374 2168 secundum

372 2194 558 2247 captum
585 2197 780 2237 eorum3
817 2183 1007 2228 intentio
1047 2180 1120 2229 seu
1163 2181 1264 2227 finis
1304 2193 1415 2227 tunc
1448 2180 1572 2243 apud
1604 2197 1679 2228 eos
1701 2179 1937 2245 spectatur,
1972 2183 2023 2229 ὅτ,
2047 2185 2224 2233 tametsi
2248 2187 2373 2237 actus

368 2265 461 2296 non
485 2247 570 2296 sint
593 2247 701 2295 boni
724 2249 772 2295 in
806 2247 864 2305 se,
899 2246 1040 2312 usque
1063 2263 1088 2294 a
1108 2246 1197 2295 fine
1221 2246 1403 2295 trahunt
1426 2247 1599 2311 aliquid
1623 2247 1732 2295 boni
1770 2263 1819 2296 ac
1857 2249 1962 2296 inde
1990 2250 2117 2308 vitae,
2154 2252 2280 2316 quod
2305 2251 2372 2301 fa-

366 2317 431 2362 cit
453 2314 637 2362 beatum
661 2330 835 2362 eorum.

434 2382 576 2444 2365.
615 2380 759 2442 Quod
785 2391 967 2428 tanturn
990 2379 1115 2427 Viris
1138 2378 1224 2426 illis
1248 2395 1304 2427 ne
1335 2377 1504 2427 faciatis
1540 2382 1807 2443 quicquam,
1844 2380 2067 2443 fignificet
2108 2384 2237 2447 quod
2273 2402 2369 2435 non

362 2448 591 2495 Divinum
615 2448 895 2495 Humanum
921 2447 970 2494 &
994 2446 1212 2494 Sanctum
1234 2446 1485 2509 procedens
1513 2446 1708 2494 Domini
1730 2446 1965 2504 violarent,
2001 2449 2172 2501 constat
2193 2467 2251 2500 ex
2274 2453 2364 2519 fig-

361 2512 621 2560 nificatione
643 2514 847 2559 virorum
872 2513 920 2559 &
945 2512 1232 2577 angelorum,
1267 2513 1324 2560 de
1347 2528 1439 2576 qua
1463 2511 1605 2575 supra.

359 2630 362 2634 ,
430 2577 572 2640 2366.
610 2578 734 2635 Quia
771 2588 1009 2639 propterea
1044 2589 1267 2625 venerunt
1302 2580 1349 2625 in
1382 2578 1594 2625 umbram
1627 2577 1763 2627 trabis
1805 2595 1938 2636 meae,
1973 2581 2101 2643 quod
2138 2583 2361 2648 significet

363 2642 490 2707 quod
515 2644 560 2689 in
583 2640 706 2689 bono
727 2641 952 2689 charitatis
982 2642 1084 2699 sint,
1120 2641 1294 2689 constat
1331 2658 1389 2689 ex
1427 2643 1757 2705 significatione
1797 2644 1983 2701 domus,
2018 2648 2146 2709 quod
2188 2650 2240 2697 fit
2278 2650 2358 2701 bo-

357 2725 490 2765 num,
527 2724 582 2755 n:
613 2723 722 2772 710.
750 2722 892 2770 2233.
921 2722 1067 2770 2234,
1101 2723 1209 2770 quae
1232 2706 1307 2753 hic
1330 2719 1521 2754 vocatur
1544 2708 1706 2754 umbra
1740 2709 1892 2766 trabis,
1927 2726 1985 2757 ex
2008 2712 2147 2771 causa,
2185 2713 2243 2763 de
2265 2732 2358 2781 qua

354 2790 481 2824 mox.

423 2842 565 2905 2367.
605 2839 751 2903 Qod
792 2837 958 2885 umbra
995 2837 1133 2884 trabis
1170 2836 1223 2883 fit
1264 2837 1311 2883 in
1347 2837 1585 2884 communi
1625 2837 1833 2896 obscuro,
1883 2840 1946 2888 ita
1983 2840 2025 2890 se
2065 2843 2212 2905 habet,
2247 2863 2350 2912 per-

353 2911 506 2971 ceptio
539 2907 718 2953 boni&
743 2907 856 2961 veri,
893 2919 986 2951 non
1020 2902 1083 2950 est
1123 2902 1202 2949 nifi
1238 2903 1283 2949 in
1317 2902 1511 2950 obscuro
1545 2905 1667 2967 apud
1704 2905 1959 2964 hominem,
1995 2910 2131 2958 etiam
2165 2929 2348 2978 regene-

341 2987 517 3029 ratum,
554 2974 701 3035 magis
734 2971 858 3035 apud
897 2985 1003 3017 eum
1042 2970 1122 3032 qui
1153 2970 1198 3014 in
1237 2981 1424 3015 externo
1462 2970 1587 3016 cultu
1629 2969 1708 3026 est,
1744 2973 1823 3035 qui
1847 2989 1926 3035 per
1949 2974 2158 3024 Lothum
2183 2979 2255 3027 hic
2280 2996 2346 3028 re-

352 3037 672 3101 praesentatum
702 3037 960 3084 affectiones
998 3035 1110 3083 ficut
1151 3036 1474 3098 perceptiones»,
1508 3037 1694 3099 quando
1734 3039 1780 3085 in
1818 3043 2043 3103 corporeis
2083 3043 2145 3091 est
2183 3045 2344 3102 homo,

352 3105 438 3150 hoc
460 3101 542 3159 est,
579 3119 687 3150 cum
726 3105 772 3149 in
811 3118 999 3165 corpore
1039 3102 1172 3158 vivit,
1210 3100 1311 3147 sunt
1351 3102 1750 3154 communiffimae.
1787 3107 1979 3168 proinde
2002 3107 2342 3167 obscur-iffimse,

350 3182 583 3231 utcunque
608 3168 750 3216 homo
773 3181 918 3232 putat,
954 3168 1079 3232 quod
1119 3183 1210 3213 non
1250 3169 1309 3214 ita
1348 3167 1418 3223 fit,
1455 3165 1558 3215 sunt
1594 3169 1818 3231 myriades
1858 3174 2114 3235 myriadum
2154 3178 2198 3223 in
2234 3192 2341 3223 una-

347 3237 512 3299 quavis
553 3231 649 3298 ejus
685 3232 1015 3293 affectiuncula,
1051 3234 1190 3282 etiam
1229 3233 1276 3281 in
1313 3237 1560 3297 unaquavi..⁴
1593 3234 1691 3300 ejus
1730 3241 2029 3301 perceptionis
2069 3239 2197 3298 idea,
2240 3257 2347 3306 quae

2233 3306 2346 3354 sicut
