2788 3744
0 2842 1 2860 ᾼ
3 2447 39 2787 ..ιφῖ-Μισφξλῖῥπωζύ·
20 2427 23 2433 »
2 2389 3 2393 Α
4 2364 25 2374 ,ἶ

570 219 928 288 CAPUT
973 218 1645 284 VIGESIMUM
1692 221 2165 286 PRIMUM.
2317 246 2399 309 13

388 372 567 418 matre·,
601 355 933 408 illaxmundana
954 368 1095 413 erant,
1132 355 1181 403 &
1204 354 1293 404 hoc
1326 353 1682 410 haereditarium,
1718 369 1824 416 quae
1848 353 2079 402 Dominus
2102 354 2339 404 succeffive
2371 372 2399 405 a

385 426 614 478 Rationali
650 424 730 473 suo
763 425 957 488 expulit,
994 425 1042 472 &
1084 423 1171 471 hoc
1212 424 1351 487 usque
1388 421 1506 469 dum
1541 420 1630 468 tale
1668 419 1789 477 effer,
1826 433 1879 468 ut
1915 422 2122 483 recipere·
2145 424 2284 489 poffet
2310 424 2396 470 Di-

382 498 565 551 vinum,
603 510 664 541 n:
694 493 835 553 2624.
862 492 953 540 262
962 508 1022 554 53
1058 502 1169 539 tunc
1207 503 1369 537 natum
1405 487 1472 536 est
1503 489 1732 535 Divinum
1757 488 1996 535 Rationale
2022 489 2230 545 Domini,
2266 489 2400 552 quod

374 579 464 628 ‘per
484 561 658 610 Isaeum
683 558 1036 623 repraesentatur,
1073 575 1131 606 n:
1158 558 1303 621 2630,
1339 557 1390 604 &
1414 553 1605 619 quidem
1629 569 1722 603 non
1748 569 1828 618 per
1849 556 1976 601 viam
1998 566 2247 610 externam,
2282 571 2394 618 quae

380 629 446 678 est
484 627 768 683 sensualium,
807 639 858 672 ut
881 625 1120 671 Rationale
1143 625 1285 687 prius,
1323 622 1396 670 sed
1436 638 1517 686 per
1555 623 1679 670 viam
1721 623 1944 669 internam
1983 637 2041 668 ex
2072 619 2176 685 Ipso
2201 621 2397 679 Divino,

351 712 444 745 >n:
471 696 612 745 2628.
642 693 804 756 2629;
857 691 944 738 hoc
982 693 1088 754 quia
1129 707 1221 737 non
1263 707 1351 737 una
1387 706 1487 736 vice
1525 687 1601 737 sed
1637 687 1875 736 successive
1913 686 2108 745 factum,
2152 704 2214 736 n:
2248 687 2391 752 1690.-

383 778 477 826 203
484 780 530 825 3,
566 758 861 823 purificatum
885 756 966 814 est,
1002 759 1052 805 ὅτ
1078 758 1162 804 hoc
1188 759 1417 813 continue,
1454 755 1583 820 quod
1607 755 1885 819 significatur
1907 771 1987 819 per
2023 755 2150 819 quod
2190 756 2391 802 circum·

380 828 494 876 cidit
518 825 752 874 Abraham
785 825 936 871 filium
977 824 1126 881 suum,
1163 825 1312 871 filiuni
1352 824 1459 871 octo
1494 824 1704 870 dierum:
1741 823 1869 887 quod
1896 824 2127 869 Dominus
2151 821 2391 870 Rationale

382 893 516 942 suum
553 891 789 940 successive
832 892 1057 938 Divinum
1097 890 1268 948 fecerit,
1320 891 1371 938 &
1411 891 1623 938 continue
1669 889 1993 953 purificaverit,
2038 888 2209 936 constat
2254 890 2397 936 etiam

379 960 504 1025 apud
529 959 806 1021 Johannem,
857 963 891 985 ‘⁶
923 958 1050 1019 jesus
1091 959 1222 1015 dixit,
1274 958 1412 1005 Pater
1446 956 1654 1020 glorifica
1673 957 1864 1004 Nomen
1901 967 2057 1014 tuum,
2103 957 2214 1003 exiit
2253 957 2394 1019 igitur

382 1033 417 1055 “
452 1042 548 1074 vox
570 1043 594 1074 e
617 1025 757 1083 coelo,
795 1028 844 1072 ὅτ
870 1025 1142 1088 glorificavi,
1179 1026 1229 1072 δε
1253 1023 1403 1072 rursus
1434 1023 1751 1087 glorificabo,'’
1787 1039 1895 1072 xn:
1924 1027 2017 1079 283
2054 1023 2181 1086 quod
2215 1022 2393 1087 glorifi-

379 1110 478 1142 care
519 1093 574 1141 sit
612 1093 840 1140 Divinum
881 1090 1038 1148 facere,
1089 1092 1298 1139 videatur
1338 1108 1395 1139 n:
1428 1091 1565 1155 1603.
1601 1109 1739 1156 ¹999·
1777 1091 1865 1137 Per
1897 1090 2305 1137 Circumcisionern
2340 1091 2392 1137 in

379 1160 580 1209 Ecclesia
603 1160 826 1223 Antiqua,
862 1174 944 1206 nec
968 1158 1089 1205 aliud
1114 1158 1482 1223 repraesentatum
1515 1159 1567 1206 &
1607 1157 1912 1219 significatum
1947 1156 2028 1214 est,
2062 1173 2201 1221 quam
2227 1169 2279 1205 ut
2302 1158 2395 1220 pu-'

380 1227 629 1276 rificaretur
658 1226 806 1273 homo
838 1225 896 1273 ab
920 1225 1149 1273 amoribus
1174 1224 1238 1272 sui
1263 1227 1310 1272 δι
1338 1225 1517 1282 mundi,
1553 1224 1603 1271 ὅτ
1628 1224 1714 1271 hoc
1739 1239 1922 1287 quoque
1947 1223 2183 1271 succeffive
2208 1225 2256 1271 δε
2281 1238 2392 1272 εοηι

378 1295 522 1352 tinue,
557 1293 766 1340 videatur
787 1309 848 1340 n:
879 1310 1021 1358 2039.
1052 1293 1193 1352 2046.
1229 1292 1287 1339 ad
1321 1290 1353 1339 f.
1383 1308 1524 1355 2049.
1556 1293 1701 1353 2056,
1740 1295 1970 1354 pricipiu?
2013 1306 2126 1337 cum-
2163 1303 2292 1338 natus
2325 1289 2391 1338 est

379 1377 545 1418 novus,
582 1360 654 1408 seu
678 1375 788 1407 cum
813 1372 1114 1422 regeneratuS,
1151 1372 1261 1407 tunc
1285 1360 1408 1406 enim
1434 1375 1513 1422 per
1537 1360 1657 1405 viam
1686 1361 1924 1411 internam,
1961 1356 2049 1404 hoc
2082 1355 2161 1414 est,
2200 1374 2279 1421 per
2303 1357 2388 1404 bo-

380 1444 494 1475 num
519 1427 819 1483 conscientiae,
855 1427 1002 1474 influit
1025 1427 1272 1482 Dominus,
1310 1443 1358 1474 ac
1387 1426 1550 1489 separat
1575 1425 1809 1473 successive
1838 1425 1888 1472 ὅτ
1917 1425 2129 1472 continue
2154 1424 2248 1482 illa,
2283 1438 2394 1488 quae

378 1510 437 1542 ex
458 1494 740 1542 haereditario
764 1494 811 1540 δι
838 1509 893 1540 ex
915 1494 1075 1541 actuali
1102 1494 1222 1540 rii-alo
1245 1493 1334 1540 adh
1348 1506 1492 1541 zzrent.

449 1562 591 1626 2633.
628 1560 802 1608 Filium
843 1560 948 1606 οὲὶο
987 1561 1200 1616 dierum,
1253 1560 1380 1623 quod
1426 1559 1650 1623 significet
1689 1560 1966 1623 principium
2011 1560 2059 1605 δε
2100 1561 2395 1615 continuum„

377 1628 551 1676 constat
590 1643 648 1674 ex
682 1623 1008 1689 fignifica'tione
1029 1627 1196 1673 octavi
1231 1626 1338 1683 diei,
1375 1642 1471 1689 quo
1511 1625 1970 1682 circumcidebantur,
2006 1626 2133 1688 quod
2171 1626 2224 1672 sit
2263 1627 2395 1689 prin-

377 1695 552 1758 cipium
577 1692 907 1757 quodcunque,
944 1695 1007 1740 ita
1029 1695 1320 1749 continuum,
1356 1692 1414 1740 de
1436 1708 1526 1756 qua
1549 1709 1610 1741 n:
1641 1711 1783 1754 2044.

447 1762 591 1823 2634.
630 1760 1043 1821 Quemadmodum
1071 1761 1288 1822 praecepit
1311 1761 1456 1815 Deus,
1491 1760 1619 1822 quod
1654 1759 1878 1822 significet
1901 1758 2149 1806 secundum
2174 1759 2394 1807 ordinem·-

376 1827 624 1882 Divinum,
661 1825 833 1872 constat
854 1841 910 1872 ex
935 1825 1261 1888 significatione
1299 1827 1546 1888 praecipere
1570 1826 1715 1881 Deus,
1752 1825 1822 1872 seu
1858 1839 2230 1889 praeccptorum3
2267 1843 2391 1889 pbr,-

381 1906 511 1956 cepta
532 1893 638 1948 Dei,
675 1890 748 1938 seu
785 1906 892 1955 quae
929 1893 1146 1954 praecepit
1183 1893 1325 1948 Deus,
1371 1890 1471 1938 sunt
1511 1894 1663 1938 onmia
1696 1893 1746 1939 ὅτ
1787 1891 1960 1956 singula
1996 1893 2160 1939 Divini
2198 1893 2394 1950 ordinis,-

380 1959 520 2023 usque
544 1959 673 2015 adeo,
711 1970 762 2005 ut
785 1959 984 2005 Divinus
1007 1959 1142 2005 Ordo
1166 1974 1256 2005 non
1282 1958 1334 2005 fit
1366 1959 1445 2005 nisi
1480 1971 1752 2023 perpetuum
1779 1971 2062 2022 praeceptum
2086 1961 2176 2007 Dei
2198 1983 2212 2016 ;
2249 1976 2396 2024 quare·

378 2024 631 2073 secundum
657 2038 884 2089 praecepta
904 2026 1012 2081 Dei,
1048 2026 1095 2072 δι
1122 2026 1166 2072 in
1202 2027 1441 2089 preceptis
1466 2027 1570 2082 Dei,
1608 2027 1778 2083 vivere,
1815 2025 1877 2072 est
1901 2026 2150 2074 secundum
2174 2027 2395 2074 ordinem·

378 2092 625 2150 Divinum,
662 2093 781 2140 &in
805 2091 963 2139 ordine
985 2093 1194 2148 Divino·,
1231 2094 1336 2140 inde
1374 2092 1452 2149 cst,
1489 2094 1615 2156 quod
1659 2109 1736 2155 pei·
1776 2096 1998 2157 praecep'it
2017 2094 2162 2150 Deus,
2199 2095 2273 2141 hic
2300 2094 2393 2157 sig-

380 2159 590 2207 nificetur
629 2159 877 2206 secundum
915 2159 1123 2207 ordinem
1149 2160 1392 2206 Divinum.
1465 2160 1728 2207 Secundum
1769 2160 2240 2208 ordinem-Divinum
2279 2161 2393 2217 fuit,

377 2226 504 2290 quod
527 2226 677 2274 omnis
702 2225 924 2273 masculus
947 2243 972 2273 a
996 2228 1226 2273 nativitate
1262 2228 1426 2274 octavo
1465 2226 1539 2274 die
1580 2228 1995 2283 circumcideretur,
2033 2243 2124 2275 non
2148 2229 2273 2292 quod
2301 2232 2389 2274 cir-

374 2292 593 2340 cumcisio
628 2292 798 2356 aliquid
837 2290 1019 2349 faceret,
1070 2292 1140 2340 seu
1181 2297 1260 2357 qui
1299 2294 1551 2341 circumcisi
1591 2297 1687 2358 prae
1723 2295 2043 2341 incircumcisis
2085 2307 2296 2342 intrarent
2336 2296 2393 2341 in·

375 2359 598 2423 Regnum
620 2359 708 2406 Dei
730 2380 744 2414 ;
781 2358 853 2405 sed
879 2362 984 2423 quia
1007 2361 1105 2407 talis
1130 2362 1267 2408 Ritus
1292 2362 1338 2407 in
1363 2361 1565 2409 Ecclesia
1588 2360 1972 2424 Repraesentativa
2005 2361 2389 2426 correspondebat

376 2426 681 2491 purificationi
712 2425 876 2483 cordis,
914 2427 970 2473 de
993 2443 1084 2490 qua
1117 2425 1527 2491 correspondentia,
1562 2431 1620 2475 e‘x
1643 2428 1813 2474 Divina
1837 2429 2027 2475 Domini
2057 2428 2382 2484 Misericordia,

376 2491 482 2539 alibi
504 2489 708 2540 dicetur:
745 2493 871 2555 quod
898 2495 1008 2550 Cor,
1045 2494 1133 2542 hoc
1172 2493 1253 2555 est,
1291 2495 1499 2542 interiora
1538 2494 1752 2551 hominis,
1791 2494 2024 2542 succeffive
2055 2495 2106 2542 ὅτ
2129 2499 2391 2542 continueri-

378 2557 506 2604 malis
546 2574 652 2621 quae
690 2556 791 2604 sunt
827 2560 1150 2621 cupiditatum,
1187 2561 1237 2607 δε
1262 2577 1286 2608 a
1310 2560 1424 2608 falsis
1446 2578 1552 2622 qua:
1593 2562 1694 2608 sunt
1729 2561 2059 2623 phantasiarum
2101 2562 2220 2616 inde,
2257 2564 2384 2624 puri·

375 2623 571 2680 ficanda,
607 2622 670 2671 est
710 2622 958 2670 secundum
998 2625 1206 2671 ordinem
1243 2627 1485 2681 Divinum,
1522 2638 1756 2688 praecepta
1790 2628 1847 2671 (le
1883 2626 2196 2688 purificatione
2235 2626 2393 2674 cordis·

377 2690 478 2737 fiint
518 2691 676 2738 omnia
710 2690 759 2736 δε
784 2689 961 2751 singula
994 2690 1165 2736 ordinis
1193 2691 1387 2745 Divini;
1424 2705 1649 2752 quantuni
1692 2694 1842 2754 itaque.
1882 2692 2026 2738 bomo
2063 2694 2118 2738 in·
2148 2696 2385 2757 praeceptis

375 2757 480 2814 illis,
517 2768 693 2805 tantum
727 2757 771 2802 in
796 2756 953 2802 ordine
980 2756 1170 2812 Divino,
1207 2756 1357 2811 vivit,
1393 2757 1444 2803 δε
1467 2770 1690 2820 quantum
1718 2759 1763 2803 in
1789 2756 1892 2813 hoc,
1931 2770 2107 2804 tantum
2131 2759 2388 2822 apud'eum·

376 2825 533 2871 omnia
557 2839 582 2870 a
608 2825 813 2870 l’omino
845 2821 1147 2885 disponuntur
1182 2821 1433 2869 secundum
1466 2824 1675 2870 ordinem
1712 2825 1792 2887 qui
1829 2823 1885 2870 ab
1907 2823 2010 2888 Ipso
2035 2827 2078 2871 in
2105 2841 2161 2871 c1.
2184 2826 2252 2880 lis,
2290 2841 2390 2874 ianr

375 2907 540 2955 nempe
577 2888 671 2954 ejus
711 2889 941 2936 rationalia
975 2905 1114 2953 quam
1157 2888 1431 2945 scientifica,
1468 2890 1572 2936 inde
1595 2891 1647 2937 iit
1672 2890 1815 2937 homo
1838 2891 2060 2954 exig-uum
2084 2892 2259 2940 coelum
2285 2909 2388 2941 cor-

374 2957 648 3020 respondens
674 2958 902 3003 Maximo.

445 3024 586 3087 2635.
623 3023 747 3071 Vers
756 3042 767 3071 :
796 3041 839 3086 5.
877 3024 942 3071 Et
959 3023 1183 3070 Abraham
1194 3022 1318 3082 filius
1341 3033 1502 3071 centum
1536 3040 1757 3081 annorum,
1795 3041 1885 3072 cum
1925 3027 2165 3090 nascerei‘ur
2202 3027 2268 3073 illi
2295 3026 2385 3087 ‘5¹³³'ss

373 3089 617 3147 chakfilius
641 3091 739 3153 ejus.
814 3089 1046 3138 Abraham
1088 3090 1207 3137 filius
1244 3103 1428 3137 centum
1471 3106 1710 3145 annorum,
1753 3092 1971 3155 significat
2007 3093 2193 3156 plenum
2218 3093 2392 3139 statum·

375 3156 623 3215 unitionis:
661 3171 770 3203 cum
796 3156 1045 3205 nasceretur
1069 3156 1132 3205 illi
1152 3156 1336 3220 Jischak
1362 3157 1481 3208 filius
1504 3156 1615 3224 ejus,
1643 3157 1863 3222 significat
1887 3175 1995 3208 cum
2022 3160 2259 3208 Rationale
2290 3167 2384 3205 uo-

376 3224 490 3272 mini
518 3223 743 3272 Divinum
774 3220 958 3274 facium.
2272 3292 2300 3340 6
2338 3293 2367 3340 6

2240 3307 2271 3341 2
2305 3309 2342 3358 3,
2369 3314 2395 3341 ι-
