2826 3736
1928 176 1955 197 Q

492 278 572 340 26
1033 269 2016 351 GENESIS.

556 418 701 464 1933.·
731 400 797 448 Et
820 399 955 456 dixit,
991 416 1017 446 a
1039 398 1149 448 facie
1173 400 1378 448 dominae
1403 415 1520 448 meae
1542 400 1665 447 Sarai
1695 414 1785 462 ego
1808 395 1958 462 fugio,
1994 399 2124 463 quod
2163 399 2386 466 significet
2428 420 2494 453 re-

483 468 696 530 sponsum
733 468 782 515 δε
824 466 1204 532 indignationem,
1242 466 1414 515 constat
1449 481 1507 514 ex
1544 465 1631 513 illis
1654 481 1762 529 quae
1785 464 1906 512 dieta
1929 464 2061 522 sunt;
2098 467 2156 515 de
2180 469 2494 533 indignatione

483 533 692 582 videatur
725 534 857 598 supra
894 535 952 581 ad
974 533 1101 582 vers:
1127 553 1176 594 4,
1213 533 1293 581 ubi
1315 532 1476 581 eadem
1500 532 1661 580 verba:
1699 532 1806 596 quia
1835 529 1972 580 facies
2009 532 2234 598 fignificat
2263 538 2492 598 interiora,

484 615 535 648 ut
558 600 785 650 ostensum
809 602 950 664 prius,
986 618 1045 648 n:
1075 617 1098 662 3
1107 605 1186 662 5‘8,
1224 602 1284 647 ita
1309 599 1641 663 indignationes
1664 599 1715 647 δε
1739 598 1884 663 plura.

557 684 696 734 1934.
737 666 858 714 Vers
869 686 878 714 :
905 686 949 732 9.
986 669 1050 715 Et
1072 667 1184 714 dixit
1208 669 1247 715 ei
1263 666 1450 728 Angelus·
1474 667 1674 730 Jehovae,
1709 676 1924 714 revertere
1947 665 2009 715 ad
2027 665 2237 717 dominam
2260 679 2399 729 tuam,
2435 671 2492 722 69²

482 733 660 781 humilia
677 744 719 781 te
730 734 815 798 sub
844 734 1036 782 manibus
1058 733 1187 781 illius.
1257 734 1393 781 Dixit
1415 733 1627 797 Angelus
1650 732 1862 794 Jehovae,
1899 732 2123 797 fignificat
2147 735 2376 785 Interioris
2408 737 2492 786 ho-

483 802 619 849 minis
657 802 851 849 Domini
898 798 1186 864 responsum:
1239 811 1460 864 revertere
1503 800 1562 847 ad
1601 799 1842 848 dominam
1887 811 2036 858 tuam,
2090 800 2314 865 fignificat
2359 805 2490 868 quod

481 867 850 915 animadverterit
873 866 915 914 se
937 883 1032 915 non
1057 866 1196 914 fidere
1234 865 1316 915 fibi
1354 866 1533 923 debere,
1569 864 1646 913 sed
1669 881 1779 914 vero
1804 868 2006 915 interiori
2029 868 2081 915 δε
2104 867 2200 932 ejus
2225 870 2454 919 affectioni
2474 891 2486 920 ε

479 934 528 980 &
552 934 742 981 humilia
763 946 808 981 te
831 933 912 983 sub
936 934 1145 982 manibus
1171 933 1309 991 illius,
1344 933 1568 998 significat
1593 932 1723 997 quod
1747 931 1801 995 se¹
1823 947 1989 997 cogere
2012 934 2190 992 debeat,
2225 949 2280 984 ut
2317 938 2372 985 fit
2407 938 2490 986 sub

480 999 598 1047 illius
623 1000 850 1065 potestate.
908 1061 910 1063 Ι
1338 1010 1342 1012 “

554 1086 609 1133 ¹9
617 1085 692 1131 35.
728 1069 866 1115 Dixit
889 1066 1100 1131 Angelus
1123 1066 1333 1130 Jehovae,
1369 1065 1497 1132 quod
1537 1066 1759 1131 significet
1791 1066 2020 1115 Interioris
2044 1067 2270 1116 Hominis
2292 1069 2490 1119 Domini

478 1132 755 1197 responsum,
791 1134 962 1183 constat
985 1150 1042 1182 ex
1064 1134 1390 1198 significatione
1408 1133 1580 1198 Angeli
1604 1134 1815 1196 Jehovae,
1851 1134 1978 1198 quod
2003 1133 2058 1182 fit
2080 1136 2274 1183 Interior
2295 1136 2488 1199 Cogita·

480 1201 547 1246 tio
569 1202 780 1259 Domini,
820 1201 878 1250 de
907 1218 997 1266 qua
1021 1200 1154 1265 supra
1176 1214 1234 1249 n:
1269 1216 1356 1263 192
1365 1219 1392 1264 5
1417 1223 1432 1257 3
1465 1202 1516 1248 ὅτ
1538 1202 1645 1265 quia
1665 1200 1730 1248 est
1753 1201 1989 1264 cogitatio,
2023 1202 2163 1249 etiam
2204 1201 2268 1249 est
2303 1202 2488 1267 respon·

480 1266 593 1314 sum.
664 1269 858 1316 Interior
877 1269 1114 1332 Cogitatio
1138 1268 1332 1315 Domini
1356 1266 1445 1314 fuit
1469 1283 1526 1313 ex
1549 1266 1784 1315 affectione
1807 1267 1918 1314 Veri
1941 1267 2275 1327 Inte-neeman&
2310 1269 2360 1317 ὅτ
2384 1271 2487 1319 haec

479 1333 682 1382 Affeaestio
718 1351 776 1383 ex
812 1334 915 1399 Ipso
953 1336 1130 1383 Divino
1171 1337 1336 1391 Bono3
1373 1334 1472 1381 talis
1495 1335 1731 1398 cogitatio,
1767 1344 1822 1381 ut
1859 1336 1987 1398 prius
2029 1334 2224 1392 dictum,
2259 1337 2483 1400 nusquam
2535 1359 2539 1368 ¹

476 1401 600 1462 apud
624 1401 821 1465 aliquem
846 1402 1083 1449 hominem
1107 1400 1187 1459 est,
1222 1418 1305 1449 nec
1330 1401 1413 1449 effe
1436 1400 1612 1466 potest:
1649 1400 1772 1465 apud
1795 1399 2033 1449 hominem
2060 1402 2196 1449 etiam
2213 1401 2278 1449 est
2300 1404 2487 1452 interior

475 1468 708 1530 cogitatio,
744 1484 852 1532 quae
881 1468 1032 1516 influit
1054 1485 1135 1533 per
1157 1469 1392 1517 Internum
1417 1467 1515 1533 ejus
1537 1469 1793 1525 hominem,
1829 1468 1878 1516 in
1910 1469 2172 1517 interiorem
2197 1469 2481 1529 rationalem,

474 1549 500 1580 a
523 1534 746 1591 Domino,
783 1535 906 1598 apud
943 1551 1021 1583 eos
1058 1536 1140 1599 qui
1179 1534 1500 1583 conscientiam
1535 1534 1718 1593 habent,
1754 1534 1881 1598 quod
1918 1534 2119 1583 constare
2152 1535 2302 1599 potest
2323 1552 2382 1583 ex
2407 1553 2481 1595 eo,

475 1601 601 1662 quod
642 1602 999 1649 animadvertere
1031 1604 1197 1666 poffint
1220 1601 1394 1650 malum
1418 1603 1468 1650 &
1491 1600 1652 1650 falsum
1677 1602 1806 1666 quod
1835 1603 1883 1649 in
1908 1602 2117 1650 Externo
2156 1601 2236 1650 suo
2274 1602 2479 1662 homine,

472 1667 601 1729 quod
624 1681 799 1732 pugnat
823 1681 980 1717 contra
1002 1669 1179 1717 bonum
1201 1669 1253 1717 ὅτ.
1276 1685 1444 1717 verum
1466 1670 1514 1717 in
1537 1670 1738 1717 interiori
1756 1691 1772 1724 ς
1799 1669 1849 1718 &
1872 1668 1974 1717 haec
1998 1670 2219 1733 cogitatio
2241 1668 2307 1717 est
2329 1670 2481 1719 multo

473 1732 672 1792 inferior,
709 1752 803 1783 non
841 1737 1148 1800 comparanda
1169 1736 1268 1785 ullo
1301 1736 1447 1785 modo
1480 1752 1589 1784 cum
1610 1736 1824 1794 Domini,
1862 1751 1970 1799 quae
2009 1734 2100 1784 fuit
2137 1752 2194 1784 ex
2215 1735 2479 1786 Affestione

472 1799 582 1848 Veri
605 1802 936 1859 Intellectum&
971 1801 1060 1850 suit
1083 1804 1132 1851 δε
1149 1803 1293 1866 Ipfius
1316 1804 1527 1868 propria:
1554 1803 1636 1866 qui
1658 1814 1812 1850 autem
1833 1802 2154 1851 conscientiam
2178 1819 2273 1851 non
2293 1802 2479 1862 habent,

471 1865 731 1915 interiorem
756 1870 1079 1932 cogitationem
1105 1885 1197 1917 non
1219 1868 1380 1918 habere
1402 1869 1601 1934 poffunt,
1638 1885 1776 1933 quare
1804 1883 1889 1917 nec
1925 1866 2055 1932 apud
2079 1885 2156 1917 eos
2193 1869 2287 1918 ulla
2321 1885 2480 1934 pugna

470 1932 549 1989 est,
599 1934 724 1982 causa
769 1935 848 1992 est,
900 1937 1007 1999 quia
1050 1937 1262 1984 rationale
1305 1952 1467 1985 eorum
1511 1951 1660 1984 unum
1706 1936 1758 1984 &
1804 1935 1928 1983 idem
1976 1937 2074 2000 agit
2128 1951 2239 1984 cum
2293 1935 2476 1985 sensuali

471 2013 723 2065 corporeo,
759 2003 808 2049 ὅτ
831 2003 1006 2050 tametsi
1037 2003 1160 2068 apud
1182 2020 1259 2051 eos
1282 2019 1468 2068 quoque
1500 2004 1720 2052 continuo
1753 2003 1904 2050 influit
1941 2002 2119 2050 bonum
2158 2003 2209 2050 &
2245 2018 2409 2050 verum
2451 2020 2478 2051 a

468 2069 692 2124 Domino,
728 2068 867 2131 usque
890 2069 1005 2117 illud
1035 2087 1127 2118 non
1148 2073 1480 2135 appercipiunt,
1516 2072 1624 2134 quia
1659 2069 1781 2117 illico
1821 2069 1871 2116 id
1907 2068 2205 2133 exstinguunt
2240 2069 2291 2118 δε
2336 2068 2474 2118 suffo-

467 2147 588 2191 cant,
625 2135 730 2181 inde
759 2134 838 2191 est,
875 2136 1004 2198 quod
1030 2153 1113 2183 nec
1134 2138 1322 2184 credant
1346 2138 1531 2200 aliquod
1557 2153 1721 2185 verum
1743 2136 1867 2184 fidei.
2274 2190 2277 2192 ⁴

541 2203 678 2266 1936.
717 2202 863 2266 Quod
887 2214 1109 2249 revertere
1135 2203 1193 2249 ad
1216 2204 1490 2259 Dominam,
1525 2203 1751 2266 fignificet
1772 2203 1901 2265 quod
1923 2202 2293 2250 animadverterit
2315 2200 2357 2250 se
2379 2219 2474 2250 non

466 2269 604 2316 fidere
627 2267 708 2315 fibi
741 2268 918 2325 debere,
954 2267 1030 2315 sed
1055 2270 1180 2316 Vero
1203 2270 1404 2320 interiori
1428 2269 1478 2316 ὅτ
1502 2265 1597 2332 ejus
1621 2267 1865 2325 affectioni,
1902 2267 2074 2316 constat
2098 2285 2123 2315 a
2145 2268 2473 2331 significatione

465 2336 700 2391 Dominae,
736 2335 862 2398 quod
903 2334 958 2382 fit
997 2334 1178 2383 affectio
1214 2337 1311 2382 veri
1350 2335 1602 2383 interioriS:
1639 2333 1715 2381 sed
1739 2334 1854 2398 quid
1873 2335 1923 2382 in
1946 2333 2090 2398 specie
2112 2350 2193 2397 per
2215 2334 2354 2390 Sarai,
2390 2352 2472 2398 per

466 2401 585 2450 Sarai
619 2417 826 2460 uxorem,
864 2402 914 2450 &
935 2417 1016 2465 per
1040 2403 1162 2450 Sarai
1192 2403 1447 2459 dominam,
1483 2401 1779 2465 significatur,
1815 2417 1909 2448 non
1945 2400 2133 2448 describi
2162 2399 2326 2464 potest,
2363 2403 2471 2464 quia

466 2469 589 2516 nulla
627 2469 726 2515 idea
759 2470 876 2533 capi,
912 2468 1030 2526 sunt,
1065 2481 1119 2516 ut
1157 2469 1334 2516 dictum
1374 2469 1516 2534 prius,
1553 2467 1687 2532 supra
1709 2467 1990 2515 intellectum
2012 2469 2151 2515 etiam
2174 2467 2430 2530 angelicum
2451 2491 2468 2525 3

464 2535 537 2583 hic
560 2536 703 2583 modo
733 2536 952 2593 innuitur,
988 2536 1228 2599 quomodo
1243 2537 1476 2584 Dominus
1500 2536 1723 2598 cogitavit
1739 2534 1796 2582 de
1818 2535 2106 2599 apparentiis,
2131 2550 2237 2598 quae
2261 2535 2469 2597 primum

463 2602 696 2650 Rationale
718 2603 839 2666 apud
861 2601 1016 2666 Ipsum
1051 2603 1359 2660 detinuerunt,
1397 2618 1562 2666 nempe
1585 2601 1712 2666 quod
1740 2603 1794 2648 iis
1826 2617 1920 2648 non
1959 2601 2216 2658 fidendum,
2250 2599 2329 2655 sed
2362 2601 2468 2664 ipsis

463 2669 593 2716 Veris
618 2671 818 2726 Divinis,
855 2682 1091 2732 utcunque
1125 2686 1281 2718 coram
1305 2670 1537 2717 Rationali
1572 2669 1654 2716 illo
1687 2679 1951 2732 apparerent
1985 2667 2293 2716 incredibilia:
2329 2669 2390 2714 ita
2425 2667 2468 2714 se

463 2734 598 2784 habet
639 2752 745 2783 cum
775 2736 990 2784 omnibus
1013 2738 1144 2784 Veris
1167 2738 1368 2794 Divinis,
1405 2737 1437 2783 fi
1471 2735 1720 2784 consulitur
1752 2735 1810 2782 de
1843 2735 1930 2782 illis
1954 2735 2204 2790 Rationale,
2242 2732 2465 2795 nusquam

461 2802 642 2864 poffunt
666 2801 804 2859 credi,
841 2819 946 2849 nam
972 2803 1180 2866 superant
1202 2819 1391 2851 omnem
1414 2801 1509 2866 ejus
1545 2815 1767 2866 captum;
1803 2801 1916 2849 ficut
1950 2817 2035 2864 pro
2067 2798 2298 2863 exemplo,
2334 2800 2463 2861 quod

460 2869 611 2915 nullus
650 2868 809 2925 homo,
863 2868 1059 2932 spiritus,
1108 2871 1158 2916 &
1195 2870 1398 2932 angeIUS,
1438 2872 1567 2917 vivat
1599 2886 1625 2917 a
1664 2868 1819 2924 semet,
1856 2866 1932 2914 sed
1959 2865 2090 2913 ‘solus
2125 2867 2375 2922 DominUS,
2411 2866 2463 2914 δε

459 2936 586 2998 quod
609 2937 703 2982 vita
726 2935 938 2992 hominis,
977 2934 1154 2999 spiritus
1199 2937 1247 2983 δε
1288 2935 1453 2999 angeli,
1490 2935 1545 2982 fit
1578 2939 1794 2999 afiparens
1827 2935 1938 2980 vitae
1979 2932 2102 2996 apud
2138 2948 2246 2987 eos,
2283 2931 2370 2980 hoc
2394 2948 2462 2979 re-

457 3014 633 3065 pugnat
669 3001 914 3058 Rationali‚
967 3002 1095 3064 quod
1138 3019 1196 3049 ex
1237 3001 1421 3050 fallaciis
1456 3000 1650 3064 judicat,
1702 2999 1777 3047 sed
1822 2998 1962 3062 usque
2009 2998 2306 3054 credendum,
2355 3000 2464 3061 quia

459 3070 637 3116 Verum
679 3068 753 3115 est.
826 3069 999 3115 Verum
1033 3070 1262 3117 Divinum
1298 3068 1377 3126 est,
1415 3068 1543 3132 quod
1583 3067 1817 3115 indefinita
1855 3066 1941 3113 sint
1978 3067 2025 3113 in
2063 3067 2312 3129 unaquavis
2344 3080 2467 3123 ¹voce

455 3135 613 3192 Verbi,
650 3152 756 3199 quae
793 3148 889 3181 tam
931 3135 1123 3198 simplex
1163 3137 1213 3183 δε
1253 3137 1377 3183 rudis
1418 3147 1601 3198 apparet
1639 3135 1832 3190 homini,
1868 3135 1966 3180 imo
2005 3133 2133 3196 quod
2174 3132 2277 3195 plus
2317 3147 2459 3194 quarn

456 3202 718 3250 universum
751 3202 945 3258 coelum,
997 3203 1047 3249 &
1088 3203 1215 3266 quod
1254 3218 1426 3258 arcana,
1463 3218 1569 3265 quae
1610 3201 1738 3257 inibi,
1791 3216 1947 3247 coram
1971 3198 2164 3261 Angelis
2205 3199 2461 3246 aDomino

452 3268 540 3315 sisti
564 3281 729 3334 queant
753 3285 861 3318 cum
886 3281 1102 3334 perpetua
1123 3271 1334 3318 varietate
1358 3270 1405 3316 in
1430 3280 1683 3325 aeternum,
1707 3267 1794 3317 hoc
1819 3279 1914 3315 tam
1938 3265 2201 3314 incredibile
2218 3264 2281 3313 est
2297 3266 2459 3374 Ratilo·

2351 3345 2407 3378 na
2425 3345 2456 3386 ι,
