2826 3736
0 1843 10 1875 ἐ

587 284 943 352 CAPUT
995 282 1538 349 DECIMUM
1584 281 2048 373 SEXTUM.
2250 307 2330 351 21

326 422 442 473 illud
463 420 700 470 Rationale
723 419 850 483 quod
875 419 922 467 in
946 431 1114 475 utero·,
1148 417 1277 482 quod
1299 430 1471 474 autem,
1508 432 1618 464 curn
1643 428 1803 463 natum
1826 415 1891 463 est
1929 415 1980 463 ὅτ
2011 415 2226 474 adolevit,
2262 435 2330 467 re·
2401 415 2403 418 ’

325 489 620 555 praesentatur
643 504 724 551 per
747 486 999 543 Ismaelem,
1035 486 1092 543 de
1115 502 1210 548 quo
1234 486 1280 531 in
1304 482 1604 549 sequentibus.
1676 482 1824 541 Quod
1846 483 2056 530 Domino
2090 481 2225 530 fuerit
2248 502 2331 547 po-

326 556 455 604 testas
481 557 526 602 in
551 553 787 601 Rationale
811 553 938 616 quod
962 552 1085 616 apud
1109 550 1284 615 Ipsum,
1321 553 1371 598 &
1411 549 1539 613 quod
1575 565 1632 596 ex
1661 550 1845 613 propria
1885 550 2088 614 potentia
2123 548 2332 613 subjuga-

325 624 442 670 verit
466 621 598 677 illud,
635 618 854 668 constabit
877 634 934 665 ex
958 633 1071 666 mox
1094 618 1311 665 dicendis.
2222 630 2229 635 “

401 704 536 750 1921.
575 687 614 734 F
618 702 668 733 ac
692 688 734 733 ei
756 684 883 748 quod
909 684 1083 732 bonurn
1108 684 1155 731 in
1179 683 1324 731 oculis
1346 683 1454 740 tuis,
1488 682 1618 746 quod
1658 681 1879 746 significet
1917 682 2184 746 imperium,
2221 694 2331 730 con-

326 755 414 815 stat,
431 753 595 817 absque
618 752 931 816 explicatione.
1002 751 1057 798 In
1086 749 1209 798 sensu
1235 751 1420 798 Interno
1460 749 1559 797 haec
1608 748 1924 812 repraesentant
1968 750 2016 796 &
2060 749 2330 812 significant,

326 821 455 886 quod
477 819 710 868 Dominus
744 833 800 865 ex
833 819 1017 882 propria
1053 817 1257 882 potentia
1287 817 1490 873 evicerit,
1526 812 1850 880 subjugaverit,
1887 815 1938 863 δε
1975 817 2200 880 expulerit
2238 832 2335 863 ma-

327 887 447 945 lum,
482 886 610 949 quod
651 901 708 932 ex
745 884 1029 932 haereditario
1068 898 1253 948 quoque
1294 882 1336 930 se
1375 883 1663 946 imprimum·
1689 881 1776 928 hoc
1801 881 2040 929 Rationale
2073 883 2332 938 insinuavit,

328 969 434 1001 narn
475 952 587 1000 sicut
624 950 820 1007 dictum,
856 948 1094 998 Rationale
1134 962 1412 1013 conceptum
1451 946 1541 995 fuit
1577 947 1633 995 ab
1654 948 1840 996 Interno
1867 949 2092 1005 Homine,
2129 950 2208 1012 qui
2247 946 2336 995 fuit

330 1018 554 1082 khovah,
590 1030 644 1065 ut
667 1034 691 1065 a
714 1029 857 1082 patre,
893 1018 943 1064 &
966 1028 1124 1064 natum
1152 1016 1210 1062 ab
1232 1015 1479 1070 Exteriori,
1516 1025 1570 1060 ut
1593 1030 1617 1060 a
1642 1026 1818 1069 matre3
1855 1015 2078 1078 quicquid
2111 1015 2168 1062 ab
2191 1014 2335 1062 Exte-

329 1087 454 1143 riori,
490 1086 580 1133 hoc
620 1083 772 1131 secum
794 1082 968 1147 ⁴habuit
1005 1081 1362 1137 haereditarium,
1398 1080 1462 1126 ita
1498 1095 1684 1144 quoque
1717 1080 1928 1137 malum,
1964 1081 2052 1129 hoc
2088 1079 2175 1128 fuit
2207 1080 2337 1144 quod

329 1153 564 1201 Dominus
586 1151 768 1215 propria
789 1148 991 1212 potentia
1012 1148 1165 1205 evicit,
1201 1145 1477 1211 subjugavit,
1513 1147 1563 1194 ὅτ
1587 1146 1782 1211 expulit,
1818 1147 1867 1194 &
1897 1147 2082 1195 tandem
2105 1148 2336 1195 Divinum

330 1216 469 1266 fecit:
505 1217 630 1282 quod
653 1230 714 1262 ex
737 1215 920 1279 propria
941 1215 1159 1278 potentia,
1195 1212 1252 1262 ab
1275 1212 1488 1261 omnibus
1512 1213 1561 1260 &
1585 1212 1790 1277 finguliS,
1825 1229 1933 1277 quae
1973 1216 2019 1261 in
2062 1215 2148 1262 lioc
2172 1213 2334 1270 Versu,

331 1283 544 1339 corrstat·,
576 1294 630 1330 ut
664 1286 700 1310 “
734 1281 863 1345 quod
902 1281 1063 1328 ancilla
1101 1292 1181 1328 tua
1220 1281 1267 1327 in
1304 1295 1444 1327 manu
1483 1281 1611 1337 tua,”
1647 1295 1729 1344 pei·
1761 1294 1868 1343 quae
1905 1279 2186 1343 significatur
2207 1281 2338 1344 quod

332 1350 572 1398 Rationale
595 1347 711 1396 illud
734 1348 838 1395 effet
862 1347 909 1394 in
931 1346 1149 1410 potestate
1172 1345 1317 1410 Ipfius
1339 1367 1354 1402 ς
1390 1347 1440 1393 &
1465 1360 1588 1395 nunc
1611 1345 1741 1410 quod
1765 1346 1956 1403 dicatur,
1994 1352 2029 1374 “
2054 1346 2123 1395 fac
2146 1349 2187 1395 ei
2210 1347 2339 1412 quod

335 1422 370 1445 ‘⁴
406 1417 581 1464 bonum
618 1416 665 1462 in
706 1413 850 1462 oculis
889 1415 1029 1471 tuis,’'
1064 1428 1161 1477 quo
1201 1412 1477 1476 fignificatur
1514 1413 1761 1477 imperium
1799 1411 1931 1476 super
1956 1412 2103 1469 illud,
2138 1415 2189 1462 δι
2226 1430 2342 1462 mox

336 1487 374 1511 ‘⁹
405 1483 664 1530 humiliavit
687 1496 788 1528 eam
813 1480 982 1537 Sarai,”
1017 1495 1113 1544 quo
1154 1479 1431 1543 significatur
1469 1476 1739 1543 subjugatio.
1811 1479 1939 1526 Haec
1981 1479 2102 1527 dicta
2141 1480 2242 1528 sunt
2282 1480 2341 1528 ad

336 1550 473 1606 Sarai,
507 1564 588 1612 per
623 1548 763 1612 q'uam
804 1545 1147 1611 repraesentatur
1177 1546 1355 1593 Verum
1396 1545 1711 1603 intellefmale,
1762 1543 1891 1609 quod
1931 1543 2019 1593 fuit
2058 1546 2201 1610 Ipsius
2238 1547 2340 1595 Do-

336 1615 468 1672 mini,
504 1630 560 1662 ex
593 1629 689 1678 quo
718 1614 956 1678 cogitavit,
993 1625 1045 1660 ut
1077 1611 1210 1677 supra
1236 1625 1375 1674 1904.
1410 1625 1552 1674 1914,
1587 1611 1782 1668 dictum,
1819 1612 1869 1659 &
1893 1627 1951 1658 ex
1974 1628 2070 1675 quo
2093 1615 2339 1677 imperium

281 1732 286 1740 x
336 1681 494 1729 habuit
516 1681 647 1745 super
669 1679 925 1737 Rationale,
960 1691 1013 1727 ut
1049 1679 1100 1727 ὅτ
1139 1678 1270 1743 super
1306 1678 1520 1736 naturale,
1556 1678 1683 1742 quod
1717 1690 1811 1726 erat
1834 1677 2084 1726 Exterioris
2107 1679 2339 1728 hominis:

336 1749 419 1812 qui
454 1763 510 1795 ex
533 1747 657 1795 Vero
695 1745 982 1794 intellectuali
1020 1747 1209 1810 cogitat,
1245 1746 1295 1794 ὅτ
1332 1761 1390 1793 ex
1413 1746 1546 1793 Bono
1581 1746 1755 1793 Divino
1788 1746 1998 1809 percipit,
2034 1747 2162 1809 quod
2202 1749 2341 1795 etiam
2392 1786 2401 1794 .

338 1813 481 1878 Ipsius
503 1812 591 1861 fuit
614 1814 721 1878 quia
743 1814 906 1871 PatriS,
942 1828 1049 1859 nam
1088 1812 1172 1860 alia
1211 1828 1303 1859 non
1324 1811 1415 1875 Ipsi
1446 1812 1597 1858 anima
1624 1808 1731 1868 fuit,
1768 1826 1861 1859 non
1884 1810 2031 1876 potest
2054 1813 2181 1860 aliter
2202 1829 2344 1877 quarn

338 1895 395 1927 ex
417 1881 600 1944 propria
630 1881 833 1943 potentia
856 1894 987 1941 agere
1007 1899 1022 1934 ;
1057 1893 1195 1941 quare
1218 1879 1327 1941 quia
1348 1876 1520 1925 malum
1545 1893 1603 1924 ex
1626 1877 1928 1935 haereditario,
1963 1881 2148 1942 propria
2179 1893 2342 1942 poten-

270 1944 275 1949 ’
339 1948 403 1994 tia
424 1945 634 1993 domavit
654 1946 705 1992 ὅτ,
727 1942 874 2008 ejecit,
911 1945 1049 1992 etiam
1087 1960 1146 1991 ex
1183 1944 1368 2009 propria
1396 1945 1599 2008 potentia
1622 1944 1895 1991 Humanam
1921 1943 2168 1992 Effentiam
2193 1946 2343 1994 univit

338 2013 544 2069 Divinae,
595 2027 743 2059 unum
780 2009 843 2058 est
882 2009 1155 2074 consequens
1200 2011 1394 2058 alterius.
1467 2010 1567 2073 Qui
1608 2010 1864 2074 concipitur
1911 2026 1936 2056 a
1976 2009 2200 2071 Jehovah,
2249 2029 2343 2061 non

338 2077 463 2127 aliud
492 2079 729 2126 Internum
768 2076 917 2134 habet,
965 2077 1052 2124 hoc
1087 2076 1167 2134 est,
1203 2093 1295 2125 non
1333 2076 1468 2124 aliam
1509 2076 1726 2133 animam,
1763 2092 1902 2140 quarn
1928 2076 2171 2137 Jehovam,
2208 2095 2345 2143 quare

338 2142 428 2192 fuit
449 2145 600 2209 quoad
625 2144 885 2207 ipsiss'imam
908 2143 1052 2191 vitam
1076 2142 1174 2207 Ipse
1198 2142 1404 2205 Jehovah
1425 2163 1437 2199 ;
1474 2142 1683 2203 Jehovah
1722 2140 1796 2189 seu
1819 2142 1992 2189 Divina
2016 2143 2214 2193 Effentia
2251 2162 2345 2194 non

340 2210 487 2274 potest
526 2210 691 2266 dividi,
727 2209 840 2256 sicut
876 2210 1027 2256 anima
1064 2210 1203 2272 patris
1241 2208 1457 2264 hominis,
1505 2224 1563 2254 ex
1603 2223 1694 2272 qua
1733 2210 1988 2272 concipitur
2028 2210 2192 2273 proles,
2242 2213 2344 2260 haec

341 2289 566 2340 quantum
606 2275 775 2323 recedit
813 2290 838 2321 a
874 2274 1168 2322 similitudine
1207 2276 1362 2338 patris,
1398 2284 1578 2321 tantum
1603 2289 1628 2322 a
1652 2286 1792 2338 patre,
1829 2277 1891 2322 ita
1927 2278 2072 2338 magis
2111 2277 2161 2324 &
2198 2282 2344 2343 magis

340 2343 615 2407 procedente
639 2353 787 2399 aetate,
823 2340 927 2388 inde
949 2340 1014 2388 est
1037 2341 1162 2404 quod
1188 2357 1318 2390 amor
1349 2342 1486 2404 patris
1519 2356 1624 2404 erga
1663 2340 1827 2389 liberos
1865 2341 2148 2390 diminuatur
2187 2343 2344 2393 secun-

341 2409 458 2457 dum
476 2411 642 2456 -aetatis
678 2409 1065 2472 progreffionem·,
1101 2408 1226 2455 aliter
1247 2408 1496 2463 Dominus,
1532 2407 1851 2471 progrediente
1891 2420 2021 2456 aetate
2056 2410 2208 2473 quoad
2233 2413 2343 2459 Hu-

344 2491 524 2532 manam
566 2474 811 2523 Effentiam
853 2489 946 2522 non
990 2475 1176 2531 recessit,
1214 2473 1290 2521 sed
1335 2475 1549 2520 continue
1594 2475 1785 2531 acceflit,
1821 2473 1961 2538 usque
2000 2476 2055 2522 ad
2098 2475 2345 2539 perfectam

344 2544 595 2597 unionem·,
631 2541 737 2588 inde
777 2540 948 2588 constat
983 2540 1111 2605 quod
1147 2540 1271 2588 idem
1311 2539 1365 2587 sit
1401 2556 1510 2588 cum
1532 2540 1740 2602 Jehovah
1765 2542 1912 2598 Patre,
1948 2553 1999 2588 ut
2023 2541 2122 2606 Ipse
2158 2560 2343 2609 quoque

344 2607 460 2655 clare
483 2608 635 2662 docet,
670 2606 790 2668 Joh:
816 2622 917 2654 xiv.
941 2608 983 2653 6.
1007 2611 1049 2655 8.
1075 2625 1119 2672 9.
1145 2623 1217 2656 io.
1243 2625 1314 2656 ιι.

418 2687 554 2735 1922.
589 2673 654 2719 Et
676 2673 934 2720 humiliavit
955 2688 1075 2730 eam,
1109 2673 1234 2736 quod
1273 2672 1497 2736 significet
1533 2671 1916 2736 subjugationem,
1954 2673 2152 2738 sequitui·
2175 2692 2231 2724 ex
2256 2676 2343 2726 illis

342 2755 448 2804 quae
471 2738 591 2785 di&
613 2736 726 2784 sunt.
1687 2750 1692 2755 ·

418 2820 503 2867 192
512 2822 553 2869 3.
592 2805 656 2851 Et
682 2803 804 2867 fugit
834 2820 858 2850 a
891 2800 1002 2850 facie
1030 2801 1141 2866 ejus,
1177 2803 1303 2868 quod
1328 2802 1549 2867 significet
1577 2805 1937 2868 indignationem
1964 2807 2186 2856 rationalis
2209 2808 2341 2875 liujus

344 2874 548 2938 primum
574 2872 799 2934 concepti,
836 2870 1006 2917 constat
1029 2871 1164 2917 etiam
1189 2869 1352 2934 absque
1376 2870 1676 2934 explicatione
1696 2894 1709 2927 ·‚
1749 2889 1852 2919 nani
1885 2872 2042 2936 fugere
2067 2891 2091 2921 a
2115 2873 2225 2923 facie
2250 2894 2341 2924 non

344 2937 468 2986 aliud
509 2936 572 2984 est
611 2952 751 3000 quam
789 2952 879 2983 non
918 2935 1099 2985 sufferre
1139 2934 1437 3000 praesentiam,
1474 2939 1598 3000 quod
1623 2938 1686 2985 est
1711 2939 2048 3002 indignationis.
2121 2935 2220 2989 Hic
2261 2942 2340 2989 de-

346 3004 553 3053 scribitur
593 3003 846 3067 indignatio
886 3000 1018 3066 hujus
1060 3002 1283 3050 rationalis
1320 3015 1475 3050 contra
1507 3020 1666 3051 verum
1706 3006 2018 3062 intellectuale,
2055 3022 2111 3053 ex
2137 3025 2191 3054 eo
2214 3010 2337 3071 quod

344 3071 522 3117 Verum
546 3068 839 3116 intellectuale
870 3068 942 3115 seu
968 3070 1198 3116 Dominus
1229 3069 1342 3116 illud
1383 3070 1618 3117 humiliare
1653 3070 1724 3117 stu
1760 3070 1994 3135 subjugare
2018 3073 2191 3120 voluit:
2230 3091 2336 3120 cuni

345 3136 583 3184 Rationale
622 3135 811 3198 insurgit
836 3148 990 3183 contra
1011 3135 1328 3192 Intellectuale,
1365 3135 1511 3182 existit
1550 3153 1705 3200 pugna
1745 3138 1963 3195 intestina,
1999 3141 2046 3186 ἃς
2090 3139 2340 3202 indignatio

346 3218 373 3250 a
395 3214 517 3268 parte
549 3199 644 3266 ejus
667 3204 748 3269 qui
770 3200 1049 3268 subjugatur,
1085 3214 1136 3250 ut
1160 3202 1215 3250 fit
1248 3203 1295 3250 in
1319 3203 1656 3261 tentationibus,
1693 3221 1799 3269 qum
1831 3221 1921 3253 non
1947 3206 2044 3252 alise
2069 3205 2166 3251 sunt
2198 3220 2339 3266 quani

2165 3286 2345 3332 pugne
