2826 3736
631 275 637 283 ,
723 211 1060 278 CAPUT
1106 208 1582 275 DECIMUM
1628 212 2056 281 SEXTUM.
2356 238 2391 302 7

398 366 589 404 manum
615 347 763 420 sitam
808 365 933 400 mons
953 346 1086 418 filice
1122 345 1329 408 Zioni53
1387 342 1515 396 collis
1557 343 1891 417 Hierosblymae
1922 348 2142 419 succidet
2190 350 2396 422 implexa

380 423 542 497 ffilvae
567 422 754 494 ferro;
809 422 866 475 &³
902 420 1125 474 Libanus
1157 431 1254 492 per
1298 418 1623 489 Magnificum
1668 418 1851 483 cadet,”
1896 439 1959 473 x.
1989 439 2076 490 24,
2108 424 2175 474 26
2215 426 2275 476 ad
2307 444 2394 494 34.

395 499 501 550 Hic
540 498 651 550 sunt
694 516 834 569 paene
873 514 1011 549 mera
1051 496 1274 557 nomina,
1313 511 1378 546 ex
1418 493 1600 564 quibus
1643 511 1742 546 non
1769 493 1947 566 aliquis
1972 497 2134 548 sensus
2159 499 2392 568 prodiret,

394 571 484 624 nifi
510 572 716 624 nomina
750 570 939 641 fingula
973 569 1303 640 significarent
1336 586 1412 620 res
1430 593 1446 630 3
1485 567 1621 639 fique
1661 569 1950 621 nominibus
1995 570 2094 622 istis
2140 570 2395 624 inhaereret

392 664 554 709 mem,
595 646 842 716 nusquam
886 644 1228 716 agnosceretur
1273 642 1412 714 quod
1436 642 1666 694 Verbum
1692 643 1908 707 Domini
1951 644 2114 696 foret:
2153 644 2234 696 sed
2282 648 2391 717 quis

394 721 576 784 credet,
618 719 756 791 quod
800 720 973 771 omnia
1017 718 1101 770 illa
1145 719 1198 769 in
1243 717 1381 769 sensu
1421 716 1616 769 interno
1641 717 1928 769 contineant
1953 737 2128 771 arcana
2153 720 2301 783 Coeli,
2340 722 2394 773 δε

395 795 535 866 quod
561 811 648 867 per
671 794 757 846 illa
780 793 1079 846 describatur
1106 791 1256 844 status
1281 808 1476 854 eorum,
1518 792 1605 863 qui
1631 809 1719 863 per
1742 791 1995 846 ratiocinia
2019 811 2083 845 ex
2115 794 2391 848 scientificis

392 869 571 921 intrare
609 879 852 921 conantur
890 868 943 919 in
988 867 1221 938 mysteria
1265 864 1398 928 fidei,
1439 867 1491 917 δε
1527 867 1666 936 quod
1690 883 1779 937 per
1804 868 2179 938 unumquodvis
2203 887 2393 922 nomen

391 942 579 1014 aliquid
604 942 810 1015 speciale
835 941 967 994 illius
991 941 1140 994 status
1165 940 1465 1004 describatur
1487 966 1502 1002 ;
1542 952 1654 998 tum
1700 939 1839 1011 qnod
1879 941 2133 994 ratiocinia
2173 941 2257 994 illa
2295 943 2392 996 dis-

391 1018 639 1072 cutiantur
663 1035 751 1090 per
775 1015 991 1069 coelestia
1014 1014 1197 1069 amoris
1222 1016 1274 1068 δῦ
1308 1013 1573 1085 spiritualia
1599 1013 1732 1077 fidei,
1768 1033 1799 1066 a
1825 1015 2054 1068 Domino
2076 1036 2088 1068 :
2128 1017 2282 1088 quod,
2306 1037 2395 1090 per

391 1091 678 1144 Aschurem
703 1090 1002 1162 significetur
1028 1088 1377 1150 RatiocinatiO,
1417 1087 1488 1139 dev
1504 1106 1603 1158 qua
1629 1087 1712 1140 hic
1751 1091 1928 1159 agitur,
1967 1090 2189 1143 constare
2229 1094 2394 1144 mani-

390 1166 512 1220 feste
536 1165 695 1238 potest
731 1163 931 1226 abillis,
971 1182 1084 1235 quae
1124 1163 1190 1216 de
1214 1161 1442 1215 Aschure
1467 1162 1657 1214 ostensa
1693 1162 1823 1226 sunt,
1861 1183 1928 1217 n:
1977 1183 1994 1218 1
2015 1183 2093 1235 19.
2125 1184 2143 1216 1
2163 1165 2299 1218 186:
2339 1168 2392 1219 δε

390 1240 530 1312 quod
580 1258 668 1312 per
691 1240 977 1310 AEgyptum
1004 1236 1300 1300 Scientifica,
1340 1236 1403 1288 ab
1442 1236 1540 1290 illis
1584 1255 1697 1308 quae
1736 1256 1806 1289 n:
1843 1239 2000 1307 1164,
2038 1240 2196 1310 1165,
2234 1241 2391 1309 1462,

389 1333 502 1386 quae
527 1315 786 1367 videantur
812 1316 863 1366 &
889 1312 1257 1376 examinentur,
1297 1329 1466 1364 annon
1492 1312 1557 1363 ita
1578 1311 1625 1363 se
1650 1310 1829 1364 habeat
1849 1339 1864 1375 3
1905 1314 2128 1367 fimiliter
2169 1315 2216 1367 se
2242 1314 2393 1368 habet

389 1407 510 1444 cum
534 1389 717 1442 caeteris
739 1387 1031 1442 nominibus
1056 1413 1072 1449 3
1111 1388 1164 1441 &
1189 1385 1410 1439 fimiliter
1435 1403 1557 1438 cum
1583 1386 1783 1457 singulis
1807 1389 2031 1442 vocibuS.

473 1462 630 1533 1889.
669 1462 904 1516 Similiter
947 1461 994 1513 se
1040 1461 1190 1513 habet
1234 1461 1306 1518 in,
1331 1459 1431 1512 hoc
1455 1460 1633 1532 Capite
1677 1479 1799 1513 cum
1843 1463 2132 1515 nominibus
2158 1464 2392 1528 Abrami,

390 1538 538 1600 Sarai,
577 1538 790 1608 Hagaris
814 1538 867 1589 &
887 1536 1142 1599 Ismaelis;
1179 1553 1293 1607 quae
1317 1547 1487 1587 autem
1508 1534 1590 1586 illa
1609 1535 1887 1601 involvunt,
1927 1537 2147 1590 constare
2180 1538 2337 1610 potest
2364 1559 2393 1591 a

388 1613 666 1675 Contentis,
704 1612 821 1664 dein
839 1611 911 1670 ⁴ab
935 1610 1266 1682 explicatione
1306 1608 1618 1680 singulorum
1664 1609 1715 1661 in
1758 1609 2113 1682 sequentibus,
2151 1613 2234 1665 sed
2277 1613 2394 1666 talia

387 1687 516 1750 sunt,
555 1705 667 1758 quae
692 1705 794 1739 non
820 1684 965 1738 facile
990 1684 1059 1738 ad
1081 1697 1289 1758 captum
1314 1684 1553 1755 explicari
1577 1683 1792 1756 poffunt,
1833 1687 1993 1756 agitur
2018 1687 2155 1738 enim
2181 1687 2271 1740 sub
2296 1687 2393 1740 illis

387 1762 451 1816 de
472 1761 725 1817 Rationali
751 1761 984 1823 Domini,
1022 1759 1285 1832 quomodo
1324 1758 1451 1811 illud
1493 1770 1799 1831 conceptum
1839 1762 1891 1812 ὅσ
1931 1773 2126 1824 natum,
2165 1763 2217 1814 δε
2243 1763 2392 1833 quale

387 1835 500 1900 fuit,
540 1847 810 1907 antequam
861 1835 1061 1888 unitum
1106 1835 1322 1890 Domini
1368 1834 1586 1895 Interno,
1626 1834 1765 1904 quod
1810 1846 1912 1886 erat
1946 1834 2211 1903 Jehovah:
2252 1840 2392 1906 quod

386 1927 490 1962 non
517 1909 659 1963 facile
684 1910 747 1961 ad
771 1921 977 1980 captum
1002 1907 1298 1980 explicabile
1322 1907 1396 1970 fit,
1435 1907 1578 1959 causa
1602 1908 1690 1970 est,
1730 1909 1847 1978 quia
1890 1908 2040 1960 hodie
2081 1928 2184 1961 non
2224 1910 2389 1973 scitur,

386 1984 511 2056 quid
535 1985 764 2039 Internus
789 1984 987 2045 Homo,
1024 1983 1149 2054 quid
1183 1983 1411 2044 Interior,
1452 1983 1505 2034 &
1550 1982 1675 2052 quid
1714 1983 1977 2046 Exterior3
2035 2001 2156 2035 cum
2208 1984 2391 2036 dicitur

386 2059 667 2122 Rationale,
706 2070 791 2110 aut
817 2057 1091 2109 Rationalis
1116 2057 1312 2119 Hom0‚
1353 2068 1474 2107 tunc
1526 2056 1691 2126 aliqua
1743 2056 1852 2108 idea
1898 2055 2126 2119 habetur,
2174 2069 2222 2108 at
2267 2077 2391 2116 cum

384 2133 566 2194 dicitur
595 2134 734 2204 quod
760 2132 1023 2186 Rationale
1048 2131 1106 2186 fit
1143 2131 1373 2184 medium
1413 2130 1540 2181 inter
1565 2130 1827 2182 Internum
1870 2132 1923 2183 &
1949 2132 2250 2195 Externum,
2288 2132 2389 2186 hoc

384 2208 533 2279 pauci
559 2207 592 2259 fi
621 2206 709 2259 ulli
736 2207 972 2278 capiunt:
1012 2206 1094 2256 sed
1139 2205 1295 2274 usque
1336 2204 1454 2274 quia
1496 2205 1550 2254 in
1594 2203 1731 2255 sensu
1777 2205 1971 2259 interno
2015 2205 2101 2259 hic
2139 2208 2300 2278 agitur
2325 2209 2388 2261 de

384 2282 639 2343 Rationali
664 2281 893 2335 Homine
918 2279 1051 2350 apud
1079 2279 1386 2347 Dominum,
1427 2277 1689 2348 quomodo
1729 2292 1998 2351 conceptus
2043 2284 2095 2333 &
2141 2294 2283 2333 natus
2323 2282 2386 2334 ab

381 2355 570 2408 Interni
596 2355 835 2408 Hominis
878 2353 1073 2405 influxu
1121 2353 1170 2404 in
1201 2354 1501 2414 Externum,
1542 2354 1594 2404 δε
1621 2349 1728 2404 haec
1754 2352 1866 2404 sunt
1891 2373 2003 2424 quae
2029 2355 2282 2407 Historica
2321 2357 2384 2407 de

384 2429 630 2493 Abramo,
671 2431 870 2503 Hagare
910 2429 962 2482 δε
999 2427 1203 2485 Ismaele
1248 2426 1526 2489 involvunt,
1578 2445 1641 2478 ne
1687 2428 1881 2498 prorsus
1930 2431 2186 2500 peregrina
2230 2430 2384 2483 obve-

383 2504 538 2567 niant,
578 2523 688 2576 quae
726 2506 777 2556 in
817 2503 1147 2575 explicatione
1184 2502 1474 2573 sequuntur,
1512 2500 1788 2564 sciendum,
1827 2504 1966 2574 quod
2011 2505 2145 2577 apud
2193 2523 2382 2556 unum-

385 2579 616 2650 quemvis
639 2579 925 2650 Hominem
964 2577 1023 2630 fit
1048 2577 1276 2635 Internus
1302 2577 1500 2646 Hom0‚
1540 2575 1598 2627 fit
1624 2576 1899 2629 Rationalis
1943 2581 2031 2649 qui
2077 2579 2287 2639 mediu3‚
2331 2581 2382 2630 ἃ

385 2651 444 2704 fit
466 2653 750 2715 Externus5
787 2654 840 2707 ac
872 2651 1012 2722 quod
1048 2650 1102 2707 hi
1142 2651 1268 2707 inter
1303 2650 1352 2704 se
1390 2649 1737 2708 distinetiffimi
1780 2651 1903 2715 fint3
1942 2655 2005 2706 de
2032 2653 2213 2724 quibus
2243 2652 2381 2705 vide-

385 2738 530 2782 antur
555 2745 666 2799 quae
690 2728 826 2801 prius
850 2726 983 2801 diCta
1006 2743 1039 2778 n
1064 2744 1075 2777 :
1105 2724 1231 2796 978.
1325 2723 1338 2730 ⁴

1995 3010 2381 3065 CAPUT
