2788 3744
460 257 540 322 7,
881 212 1183 298 'GE
1276 223 1652 296 NES
1736 227 1790 297 1
1862 227 2039 297 ἐ..-

457 365 636 429 prorsus
675 364 1023 430 conspurcatum
1059 363 1160 421 est·,
1195 365 1245 413 &
1279 364 1406 428 quod
1446 363 1656 411 interiora
1691 363 1841 411 cultus
1881 364 1932 412 δε
1969 363 2192 414 doetrinae
2239 364 2456 434 rejiciant.

457 433 619 494 Qtales
637 435 741 495 sunt
769 437 814 480 in
835 435 1048 495 princip2'0
1081 431 1243 496 quando
1274 432 1411 478 adhuc
1448 431 1596 477 bonum
1634 446 1773 476 eorum
1806 445 1886 477 non
1922 434 1989 478 ita
2025 435 2341 496 conspurcatum
2381 436 2455 495 cst,

457 500 579 562 apud
601 500 858 555 Danielem,
896 505 930 526 “
955 501 1009 546 In
1047 510 1253 561 tempore
1293 498 1395 543 finis
1434 495 1674 542 collidetur
1709 511 1818 542 cum
1857 512 1914 543 eo
1952 498 2055 544 Rex
2096 501 2317 558 meridiei,
2352 501 2456 548 ideo

451 562 496 591 '“
531 566 653 628 quasi
693 565 887 629 procella
926 567 1063 611 irruet
1107 564 1153 609 in
1192 578 1298 609 eum
1339 564 1443 609 Rex
1483 561 1809 625 septentrionis,
1843 577 1997 620 curru,
2033 565 2085 611 ὅτ
2121 566 2366 627 equitibuS,
2402 569 2475 628 &-

462 635 495 657 “
534 631 720 678 navibus
760 632 930 687 multiS,
965 631 1015 677 δε
1039 629 1188 675 veniet
1212 629 1258 675 in
1284 640 1436 684 terras,
1472 629 1522 676 δε
1547 627 1800 684 inundabit,
1834 629 1884 676 δε
1908 629 2126 686 transibit,
2161 631 2211 678 &
2235 635 2384 680 veniet
2408 636 2454 685 in

460 702 496 724 ‘⁶
531 710 694 744 terram
719 698 908 753 decoris,
946 697 994 743 &
1021 694 1179 742 multae
1204 707 1436 741 curruent:
1473 694 1546 741 hae
1568 696 1814 758 eripientur
1836 712 1859 742 e
1885 711 2024 743 manu
2045 695 2157 760 ejus,
2190 697 2367 755 Edom,
2404 700 2455 747 δε

462 769 495 790 “
531 764 684 819 Moab,
721 763 769 810 &
795 764 1011 811 Primitiae
1020 761 1212 821 filiorum
1236 761 1499 816 Ammonis,''
1522 776 1572 807 xl
1594 779 1605 808 :
1631 779 1711 820 40.
1736 780 1794 822 41
1819 779 1830 808 :
1869 763 1971 809 Rex
2006 763 2207 810 meridiei
2243 780 2328 827 pro
2369 765 2455 812 illis

458 832 538 891 qui
563 831 607 875 in
634 829 761 876 bonis
785 831 834 876 &
857 830 975 876 veris
1000 828 1117 883 sunt,
1152 829 1258 874 Rex
1282 826 1589 890 septentrionis
1622 843 1707 890 pro
1746 827 1833 874 illis
1869 830 1950 891 qui
1984 830 2031 875 in
2066 829 2194 876 malis
2226 832 2276 878 ὅτ
2316 829 2453 895 falsis,

456 897 562 942 Rex
585 893 890 958 septentrionis
922 910 1072 950 curru,
1109 893 1354 958 equitibus,
1391 892 1598 950 navibuS,
1634 895 1817 940 veniens
1854 894 1900 949 in
1939 907 2092 952 terras,
2129 897 2365 954 inundans,
2403 899 2454 946 δε

404 1002 409 1007 .
457 961 684 1018 transiens,
719 978 804 1026 pro
832 961 959 1025 quod
994 960 1111 1008 mala
1133 962 1182 1007 &
1206 958 1314 1007 falsa
1342 959 1585 1022 significata
1608 975 1688 1023 per
1712 975 1886 1015 currus,
1921 963 2109 1023 equites,
2146 978 2298 1020 naves,
2334 980 2450 1027 prae-

457 1027 666 1084 valitura,
713 1028 930 1091 eripiendi
965 1045 988 1074 e
1026 1042 1164 1073 manu
1201 1025 1294 1090 ejus
1334 1026 1508 1083 Edom,
1546 1025 1709 1083 Moab,
1759 1027 1808 1073 δε
1850 1028 2064 1089 primitiae
2102 1027 2306 1079 filiorum
2323 1032 2450 1077 -Am-

457 1096 622 1149 moniS,
659 1110 742 1157 pro
766 1094 853 1141 illis
886 1095 965 1157 qui
994 1095 1040 1140 in
1070 1094 1157 1142 tali.
1171 1093 1292 1140 bono
1325 1090 1427 1139 sunt
1454 1092 1676 1158 ¹nondum
1713 1094 1776 1139 ita
1813 1090 1929 1140 falfis
1967 1092 2279 1158 conspurcato,
2314 1112 2465 1159 quare,

456 1172 674 1207 vocantur
694 1161 915 1207 Primitiae
938 1161 1137 1207 filiorum
1162 1160 1440 1207 Ammonis:
1477 1159 1599 1222 apud
1622 1158 1802 1216 Mosen,
1849 1163 1884 1186 “
1910 1160 2223 1208 Tranfivimus
2262 1154 2335 1209 via
2371 1163 2451 1210 de-

449 1232 488 1253 “
524 1225 639 1281 serti,
675 1228 723 1274 δε
747 1227 863 1274 dixit
885 1226 1091 1288 Jehovah
1122 1226 1179 1273 ad
1203 1225 1384 1282 Mosen,
1419 1241 1469 1272 ne
1491 1225 1679 1288 angustes
1695 1226 1921 1282 Moabum,
1958 1242 2041 1274 nec
2062 1226 2247 1274 misceas
2273 1240 2317 1274 te
2336 1244 2449 1290 cum

455 1298 490 1319 “
525 1296 585 1339 eis
611 1292 743 1350 bello,
779 1294 886 1357 quia
925 1309 1016 1340 non
1057 1292 1175 1340 dabo
1213 1292 1296 1339 tibi
1335 1292 1392 1338 de
1423 1304 1537 1339 terra
1559 1289 1653 1354 ejus
1677 1291 2003 1349 haereditatem,
2037 1294 2145 1356 quia
2166 1294 2291 1341 Filiis
2312 1296 2450 1343 Lothi

453 1364 488 1386 “
524 1359 628 1406 dedi
668 1362 740 1407 Ar
777 1359 1138 1416 haereditatem,''
1183 1359 1339 1406 Deut:
1369 1374 1438 1405 11:
1467 1362 1509 1406 8.
1537 1375 1603 1423 93
1656 1359 1705 1405 δε
1745 1358 1801 1405 de
1847 1358 1951 1404 filiis
1985 1361 2253 1416 Ammonis,
2281 1365 2323 1412 ,“
2347 1361 2447 1409 Lo·

452 1430 485 1452 “
522 1440 690 1489 quutus
727 1425 931 1486 Jehovah
979 1426 1035 1472 ad
1076 1424 1256 1482 Mosen,
1307 1438 1359 1472 tu
1403 1424 1613 1479 tranfiens
1658 1423 1794 1472 hodie
1832 1427 2054 1472 terminum
2086 1427 2243 1474 Moabi
2282 1427 2447 1486 Arent,

451 1497 486 1518 ‘⁶
521 1493 570 1539 δε
616 1492 798 1541 accedes
842 1509 866 1540 e
912 1494 1093 1555 regione
1124 1492 1316 1552 filiorum
1337 1492 1570 1547 Ammonis,
1618 1506 1699 1538 nec
1743 1490 1929 1554 angusta
1967 1492 2084 1548 illos,
2137 1508 2219 1540 nec
2265 1492 2449 1544 misceas

455 1563 490 1584 “
525 1571 568 1605 te
602 1575 712 1606 cum
751 1559 838 1606 illis
856 1594 870 1615 ,
923 1560 1028 1622 quia
1072 1573 1164 1605 non
1204 1558 1324 1606 dabo
1361 1558 1419 1604 de
1461 1567 1580 1604 terra
1602 1557 1794 1615 filiorum
1817 1559 2033 1605 Ammonis
2077 1557 2160 1605 tibi
2206 1558 2446 1608 haeredita-

450 1628 486 1650 ‘⁶
520 1636 642 1681 tem,
679 1626 784 1688 quia
813 1624 938 1673 Filiis
967 1624 1103 1672 Lothi
1141 1624 1248 1671 dedi
1287 1640 1387 1671 eam
1425 1622 1788 1678 haereditatem,''
1830 1624 1987 1672 Deut:
2018 1639 2094 1672 11:
2127 1641 2199 1689 17.
2230 1629 2319 1674 18:
2371 1628 2448 1674 Ar

449 1705 535 1754 pro
575 1691 696 1738 bono
731 1691 826 1748 tali,
878 1691 1077 1740 Moabus
1117 1691 1165 1738 δε
1206 1690 1290 1737 filii
1313 1690 1563 1737 Ammonis
1604 1705 1688 1752 pro
1727 1689 1813 1736 illis
1858 1690 1938 1752 qui
1977 1691 2024 1736 in
2063 1690 2139 1739 tali
2178 1690 2317 1748 bon0‚
2369 1690 2445 1740 sed

450 1757 496 1803 in
541 1758 783 1821 principio,
831 1773 966 1820 quare
993 1755 1183 1820 jubetur
1221 1769 1273 1803 ut
1307 1769 1399 1803 non
1438 1756 1742 1819 angustentur.
1813 1756 1925 1802 Inde
1960 1755 2039 1813 est,
2075 1757 2204 1819 quod
2241 1758 2444 1806 Moabus

448 1823 672 1884 expulerit
711 1823 891 1879 Emim,
928 1824 977 1870 &
1013 1822 1238 1885 Rephaim
1276 1824 1357 1885 qui
1397 1822 1510 1868 ficut
1549 1820 1768 1877 Enakim‚
1821 1823 1870 1868 δε
1907 1822 2036 1885 quod
2082 1822 2166 1870 filii
2188 1824 2443 1874 Ammonis

444 1889 704 1951 expulerint
748 1891 884 1936 etiam
923 1885 1150 1951 Rephaim
1191 1904 1311 1952 quos
1356 1886 1629 1935 Samsumim
1676 1898 1911 1943 vocarunt,
1969 1889 2122 1936 Deut:
2164 1904 2236 1938 11:
2277 1908 2322 1954 9.
2366 1908 2440 1941 10.

454 1972 524 2003 11.
567 1960 638 2004 18.
678 1974 749 2021 19.
787 1972 880 2011 213
930 1971 1011 2019 per
1051 1955 1229 2011 Emim,
1264 1954 1507 2018 Rephaim‚
1544 1953 1767 2009 Enakim‚
1803 1952 2098 2012 Samsumim,
2132 1954 2445 2019 significantur

442 2022 528 2083 qui
548 2021 713 2068 imbuti
742 2020 1090 2086 persuasionibus
1117 2021 1222 2068 mali
1246 2023 1296 2068 δι·
1319 2020 1430 2077 falfi,
1466 2019 1673 2067 videatur
1697 2036 1756 2068 n:
1786 2025 1896 2083 581.
1930 2022 2071 2085 1673,
2105 2037 2186 2084 per
2207 2022 2441 2082 Moabum

447 2087 498 2135 &
539 2088 655 2135 filios
679 2091 927 2136 Ammonis
964 2089 1036 2136 hic
1073 2088 1136 2136 illi
1170 2089 1251 2152 qui
1289 2088 1498 2136 nondum
1530 2085 1697 2134 imbuti
1737 2087 1867 2143 sunt;
1912 2086 1988 2135 sed
2026 2087 2073 2134 hi
2109 2103 2217 2135 curn
2255 2105 2442 2154 quoque

444 2152 628 2211 imbuti,
682 2155 767 2203 hoc
813 2155 893 2212 est,
946 2154 1119 2202 bonum
1160 2171 1320 2202 eorum
1364 2153 1480 2201 falsis
1525 2153 1890 2217 conspurcatum,
1933 2155 2068 2201 etiam
2106 2154 2280 2218 expulfi
2319 2154 2438 2215 sunt,

446 2219 610 2268 Num:
637 2238 752 2270 xm:
782 2238 835 2270 21
867 2222 921 2268 ad
949 2239 1024 2286 31.
1076 2221 1261 2269 Ezech:
1285 2237 1414 2269 xxv:
1443 2225 1484 2269 8.
1511 2238 1554 2284 9.
1589 2238 1659 2268 10.
1692 2239 1763 2269 11.
1801 2221 2113 2283 Describuntur
2143 2222 2285 2285 quales
2312 2223 2439 2287 sunt,

444 2288 608 2350 quando
647 2289 796 2336 bonum
832 2305 970 2335 eorum
1009 2289 1325 2351 conspurcatum
1361 2286 1485 2350 apud
1509 2287 1775 2347 Jererniam,
1825 2291 1859 2313 “
1882 2287 1958 2335 Ad
1977 2288 2187 2335 Moabum
2223 2287 2284 2334 fic
2320 2289 2440 2348 dixit

446 2356 484 2378 “
518 2353 758 2412 Jehovah3
808 2370 882 2401 vae
910 2353 1051 2416 'super
1085 2353 1238 2411 Nebo,
1274 2354 1380 2415 quia
1416 2351 1640 2400 devastata
1676 2352 1756 2409 est,
1807 2350 2044 2415 pudefafta
2080 2352 2160 2408 est,
2210 2364 2339 2416 capta
2372 2354 2438 2414 est

447 2422 483 2444 “
517 2419 798 2475 Kiriathaim,
834 2418 1069 2482 pudefacta
1098 2419 1158 2465 est
1184 2417 1368 2481 Misgab
1389 2419 1439 2466 δε
1463 2417 1767 2474 consternata,
1804 2434 1895 2465 non
1918 2417 2114 2481 amplius
2135 2417 2230 2465 laus
2243 2420 2433 2468 Moabi:

447 2488 482 2511 “
519 2484 620 2533 date
650 2485 766 2533 alam
792 2485 983 2541 Moab0,
1019 2485 1128 2548 quia>
1145 2484 1370 2531 avolando
1392 2484 1606 2540 avolabit,
1642 2484 1692 2530 δε
1728 2482 1859 2531 urbes
1879 2481 1992 2547 ejus
2029 2485 2075 2530 in
2114 2483 2436 2534 desolationem

445 2555 481 2577 “
516 2564 663 2608 erunt,
698 2567 836 2599 nemo
875 2551 1075 2599 habitans
1115 2552 1160 2597 in
1198 2552 1264 2597 iis.
1335 2550 1596 2613 Relinquite
1619 2549 1769 2605 urbes,
1805 2551 1854 2596 δε
1877 2549 2071 2597 habitate
2093 2550 2139 2599 in
2162 2562 2289 2614 petra
2309 2551 2435 2607 habi-

446 2622 481 2645 “
519 2628 624 2666 tores
648 2620 821 2674 Moabi,
857 2616 1068 2665 &estote
1101 2617 1212 2663 ficut
1253 2615 1484 2672 columba,
1520 2615 1722 2662 nidificat
1761 2616 1808 2661 in
1846 2615 2100 2662 tranfitibus
2139 2618 2229 2664 oris
2268 2614 2432 2667 foveae.

448 2690 482 2712 “
517 2684 625 2749 Ego
661 2687 789 2740 novi,
838 2684 1012 2730 dietum
1037 2682 1246 2743 Jehovae,
1290 2683 1400 2728 iram
1440 2679 1552 2744 ejus,
1605 2683 1654 2729 &
1691 2698 1784 2728 non
1823 2681 2000 2738 firmus,
2052 2679 2155 2729 falsa
2191 2681 2313 2747 ejus,
2338 2700 2433 2748 non

445 2757 479 2778 “
516 2753 687 2799 rectum
727 2750 941 2798 fecerunt.
1012 2749 1253 2812 Propterea
1291 2747 1420 2812 super
1443 2748 1605 2796 Moabo
1641 2744 1834 2810 ejulabo,
1870 2749 1919 2796 δε
1951 2748 2008 2795 ad
2031 2748 2240 2797 Moabum
2278 2760 2431 2806 totum

419 2823 480 2845 '⁴‘
515 2817 731 2866 clamabo.
804 2820 852 2865 A
889 2817 998 2863 fletu
1019 2815 1202 2877 jaeseris
1232 2814 1349 2861 flebo
1386 2814 1486 2872 tibi,
1520 2814 1626 2860 vitis
1658 2813 1862 2870 Sibmae3
1898 2815 2171 2878 propagines
2192 2825 2286 2861 tuae
2308 2826 2429 2862 tran-

443 2890 478 2914 “
513 2883 708 2931 fivcrunt
748 2900 885 2942 mare,
923 2882 1061 2946 usque
1083 2876 1139 2927 ad
1164 2897 1285 2928 mare
1308 2880 1491 2943 Jaeseris
1526 2882 1840 2944 pertigerunt·,
1873 2881 2004 2943 super
2037 2878 2208 2928 fruCtus
2247 2879 2428 2930 aestivos

441 2956 477 3010 “.
511 2964 628 3009 tuos,
662 2952 712 2998 &
750 2950 879 3014 super
915 2949 1195 2995 vindemiam
1237 2959 1362 2996 tuam
1402 2946 1595 2994 vastator
1630 2947 1805 2992 cecidit.
1874 2947 2115 3009 Propterea
2149 2960 2230 2993 cor
2267 2961 2430 2995 meum,

436 3023 473 3046 “
509 3017 636 3080 super
658 3017 834 3073 Moabo,
870 3016 983 3063 ficut
1021 3009 1178 3069 tibiae,
1198 3026 1447 3061 movetur.-
1473 3013 1581 3062 ‚Vae
1619 3011 1701 3058 tibi
1723 3011 1901 3067 Moabe,
1935 3011 2070 3076 periit
2106 3010 2308 3075 populus
2330 3014 2423 3062 Ke-

434 3090 472 3115 “
507 3084 669 3140 moski,
707 3099 812 3129 nam
836 3083 956 3146 capti
980 3079 1080 3127 sunt
1103 3080 1184 3126 filii
1206 3082 1273 3126 tui
1307 3082 1355 3126 in
1389 3078 1715 3140 captivitatem,
1750 3077 1802 3127 ὃς,
1831 3076 1940 3125 filiae
1973 3088 2066 3124 tuae
2102 3078 2150 3126 in
2187 3079 2423 3142 captivita-

431 3157 468 3208 ᾗ*
499 3162 620 3209 tem..
680 3147 993 3202 Et-reducam
1025 3147 1333 3213 captivitatem
1353 3144 1512 3197 Moabi
1535 3143 1582 3198 in
1604 3141 1861 3209 posteritate
1885 3143 2114 3204 dierum,”
2147 3159 2346 3219 avum
2379 3164 2420 3203 1·

2372 3228 2420 3292 9.
