2826 3736
657 241 1004 333 CAPuT
1071 236 1583 304 DECIMUM
1649 235 2098 302 SEXTUM.
2298 258 2380 318 ις

368 375 476 424 Veri
500 374 824 434 intellefitualis,
862 374 988 440 quod
1016 374 1148 440 supra
1170 374 1382 422 rationale
1406 372 1487 430 est,
1523 372 1900 436 Cogitationem,
1935 387 2073 434 quare
2105 388 2196 419 non
2220 375 2373 436 potuit

365 458 459 489 non
482 458 622 506 quam
647 443 894 506 indignari,
932 442 1069 490 sciens
1109 441 1237 506 quod
1274 441 1385 488 nihil
1428 440 1536 487 mali
1575 441 1625 487 ὅτ
1666 437 1759 485 falfi
1799 453 1854 484 ex
1884 438 2054 494 Semet‚
2093 440 2141 485 &
2165 440 2291 500 quod
2315 455 2373 486 ex

363 508 597 556 affectione
622 509 732 556 Veri
755 508 933 556 summa
954 525 1091 572 opera
1113 509 1326 555 sollicitus
1361 506 1515 564 fuerit,
1551 518 1603 553 ut
1641 505 1854 552 rationale
1893 504 1996 551 esset
2032 519 2230 567 purum:
2268 506 2373 551 inde

363 573 562 622 constare
601 575 766 640 potest,
820 575 949 639 quod
978 576 1212 624 Dominus
1252 591 1344 622 non
1387 573 1684 637 vilipenderet
1724 571 1900 618 Verum
1949 570 2372 627 intellectualased

361 641 492 707 quod
514 644 762 706 perceperit
794 641 914 701 *uod
936 643 1141 704 primum
1168 640 1379 689 rationale
1411 640 1535 704 apud
1565 639 1715 696 illum,
1752 637 1864 684 illud
1889 637 2199 701 vilipenderet.
2237 637 2373 700 Qid

361 707 417 754 fit
456 709 657 771 cogitare
695 724 753 755 ex
822 725 901 756 ero
941 708 1246 765 intelledfflali,
1299 723 1391 755 non
1431 706 1645 770 explicari
1684 703 1830 769 potest
1868 705 1925 751 ad
1966 716 2173 767 captum,
2226 705 2275 751 &
2314 720 2370 751 eo

363 774 517 822 minus
541 775 647 837 quia
670 791 808 830 nemo
831 790 887 822 ex
910 774 983 822 illa
1006 774 1243 822 affectione
1266 775 1317 822 &
1339 790 1396 821 ex
1421 773 1499 821 illo
1522 773 1647 820 Vero
1689 771 1911 835 cogitavit
1935 787 2075 834 quam
2098 770 2332 819 Dominus
2353 793 2368 825 ;

359 842 443 903 qui
479 841 585 889 inde
621 843 811 906 cogitat,
849 842 886 888 is
919 840 1051 906 supra
1082 840 1260 889 coelum
1300 840 1577 905 angelicum,
1614 855 1722 898 nam
1746 837 1921 901 Angeli
1960 838 2078 884 tertii
2112 837 2237 885 Coeli
2274 853 2368 885 non

358 905 564 970 cogitant
602 922 659 954 ex
696 923 810 967 vero
849 906 1154 966 intelleffltuali,
1191 906 1267 955 sed
1305 923 1362 954 ex
1398 907 1596 954 interiori
1621 904 1904 959 Rationalis;
1940 916 2240 966 acquantum
2266 905 2367 952 Do·

360 973 512 1019 minus
527 975 532 1035 J
548 975 698 1021 univit
722 975 968 1022 Ess'entiam
992 975 1264 1031 Humanam
1287 974 1492 1030 Divinae,
1528 973 1756 1034 cogitavit
1795 986 1852 1018 ex
1890 969 1993 1034 Ipso
2014 971 2191 1017 Divino
2215 972 2366 1029 Bono,

357 1038 448 1086 hoc
487 1038 567 1097 est,
603 1056 660 1087 ex
684 1041 918 1101 Jehovah:
957 1041 1300 1101 Antiquiffimae
1323 1038 1540 1087 Ecclefiae
1564 1039 1735 1093 Patres,
1787 1038 1868 1100 qui
1908 1037 2250 1100 perceptionem
2290 1037 2368 1084 ha-

359 1097 574 1163 buerunt,
627 1108 886 1169 cogitarunt
924 1122 981 1152 ex
1025 1106 1225 1152 interiori
1265 1104 1527 1160 Rationali3
1575 1103 1792 1151 Ecclesiae
1816 1104 2041 1167 Antiquae
2079 1104 2248 1160 Patres,
2284 1107 2366 1167 qui

359 1187 453 1218 non
512 1227 515 1231 ¹
550 1174 834 1236 rceptionem
873 1171 949 1219 sed
983 1170 1300 1219 conscientiam
1323 1171 1612 1228 habuerunt,'
1629 1170 1890 1232 cogitarunt
1912 1182 1970 1217 ex
1994 1170 2220 1220 Rationali
2243 1185 2364 1218 exte·

356 1237 466 1285 riori
487 1189 562 1285 ξεῖ]
587 1237 810 1295 naturali3
846 1254 1008 1286 omnes
1032 1250 1203 1297 autem,
1239 1239 1320 1302 qui
1343 1237 1507 1301 absque
1541 1236 1810 1285 conscientia
1833 1232 1967 1293 sunt(
1988 1235 2210 1300 nusquam
2235 1239 2364 1300 cogi-

356 1310 453 1350 tant
476 1319 536 1351 ex
562 1305 810 1363 Rationali,
847 1320 952 1353 nam
978 1320 1071 1352 non
1096 1305 1334 1357 Rationale
1365 1304 1547 1361 habent,
1583 1303 1760 1362 tametsi
1790 1314 1973 1366 apparet
1996 1302 2110 1350 ficut
2132 1302 2362 1360 haberent,

355 1367 432 1416 sed
457 1370 661 1434 cogitant
684 1387 742 1418 ex
764 1371 953 1429 naturali
977 1370 1158 1419 sensuali
1183 1373 1232 1419 Sc
1256 1384 1478 1435 corporeo
1498 1393 1512 1427 3
1547 1370 1682 1434 quod*
1701 1369 1766 1430 illi
1796 1371 1879 1433 qui
1903 1386 1994 1416 non
2021 1368 2360 1425 conscientiam,

356 1451 451 1482 non
491 1452 552 1483 ex
578 1437 809 1497 Rationali,
845 1438 1044 1500 cogitare
1084 1440 1266 1501 possint,
1304 1437 1434 1486 causa
1463 1437 1546 1494 est,
1581 1449 1634 1484 ut
1656 1435 1853 1499 dictum,
1889 1437 1996 1499 quia
2026 1437 2236 1484 rationale
2268 1454 2362 1486 non

353 1499 544 1560 habent,
574 1503 823 1562 Rationalis
865 1504 1009 1551 homo
1046 1503 1127 1562 est,
1162 1507 1243 1568 qui
1283 1507 1457 1568 cogitat
1495 1503 1672 1561 bonum
1705 1502 1755 1550 δι
1781 1518 1943 1550 verum
1977 1502 2102 1559 fidei,
2139 1504 2361 1567 nusquam

351 1570 434 1631 qui
458 1581 615 1617 contra
630 1570 768 1631 illud,
804 1571 886 1634 qui
909 1571 1114 1634 cogitant
1135 1571 1310 1619 malum
1334 1573 1386 1618 δε
1418 1569 1599 1628 falsum,
1634 1567 1858 1616 insaniunt
1896 1570 2189 1632 cogitatione,
2224 1586 2363 1634 quare

352 1633 410 1681 de
432 1635 520 1683 illis
543 1634 766 1700 nusquam
789 1637 1027 1685 Rationale
1050 1637 1289 1702 praedicari
1323 1637 1485 1702 potest.

390 1759 394 1762 q
426 1716 564 1766 1915.
603 1703 668 1752 Et
690 1703 810 1753 vidit
841 1704 972 1768 quod
1010 1705 1239 1769 concepit,
1274 1704 1404 1768 quod
1442 1702 1666 1768 significet
1702 1703 1846 1750 vitam
1882 1703 2080 1767 primam
2118 1703 2361 1762 rationalis,

352 1767 527 1817 constat
567 1785 593 1817 a
630 1769 958 1834 significatione
999 1772 1326 1837 conceptionis,
1375 1770 1504 1836 quod
1549 1770 1604 1818 sit
1642 1769 1737 1817 vita
1781 1770 1946 1833 prima,
1996 1769 2070 1817 hic
2119 1783 2170 1819 ut
2215 1773 2360 1835 prim,

350 1847 411 1882 rr:
445 1851 460 1882 1
515 1848 585 1884 ιο.

425 1850 564 1960 19916.
602 1901 750 1966 Qod
774 1902 878 1950 vilis
901 1901 999 1950 sum
1026 1903 1074 1950 in
1096 1903 1241 1952 oculis
1265 1902 1379 1968 ejuS,
1402 1903 1639 1968 ,significet
1661 1903 1789 1967 quod
1813 1902 2026 1958 rationale
2049 1902 2137 1950 hoc
2161 1903 2208 1948 in
2249 1918 2360 1951 con-

350 1967 559 2030 ceptione
584 1965 979 2035 suavilipentleret
1003 1969 1153 2034 ipsum
1178 1986 1341 2019 verum
1365 1969 1634 2035 adjunctum
1659 1970 1798 2028 bono,
1835 1967 2008 2017 constat
2045 1968 2103 2016 ab
2142 1967 2227 2016 illis
2251 1985 2359 2034 quae

350 2044 464 2079 mox
487 2032 618 2098 supra
641 2050 700 2082 n:
733 2050 872 2097 1911.
909 2051 1054 2098 1914,
1087 2037 1208 2084 dieta
1230 2036 1347 2084 sunt.

371 2154 398 2163 ἡ
422 2113 564 2164 1917.
597 2100 787 2162 Judicet
809 2102 1018 2163 Jehovah
1041 2104 1157 2151 inter
1180 2119 1256 2151 me
1281 2104 1330 2151 δι
1355 2104 1470 2151 inter
1492 2113 1553 2160 te,
1589 2102 1718 2167 quod
1742 2101 1966 2166 significet
1996 2101 2360 2165 indignationem

347 2160 564 2223 Domini,
596 2166 770 2215 constat
791 2167 849 2216 ab
869 2168 954 2216 illis
978 2185 1087 2233 quae
1117 2184 1234 2218 mox
1257 2169 1377 2217 dista
1400 2169 1518 2226 sunt,
1554 2170 1621 2216 ita‘
1644 2169 1808 2232 absque
1835 2166 2148 2232 explicatione.
2220 2171 2358 2234 Qo·

348 2231 494 2279 modo
533 2232 633 2280 haec
665 2249 807 2297 porro
837 2234 880 2281 se
899 2234 1081 2291 habent,
1118 2235 1220 2282 idea
1251 2250 1344 2293 non
1377 2235 1477 2299 capi
1511 2234 1676 2299 potest,
1712 2235 1793 2283 nifi
1820 2234 1884 2282 'ab
1907 2235 1994 2282 illis
2017 2236 2098 2299 qui
2132 2237 2178 2284 in
2212 2249 2356 2285 tenta-

348 2298 533 2346 tionum
554 2300 725 2363 pugnis
747 2297 931 2348 fuerunt
950 2323 965 2358 ;
1002 2302 1050 2348 in
1074 2301 1396 2350 tentationibus
1420 2301 1524 2349 sunt
1545 2301 1812 2350 vastationes
1835 2302 1885 2349 δε
1909 2301 2218 2360 desolationes,
2254 2303 2358 2353 sunt

346 2362 688 2428 desperationeS,
724 2382 775 2414 ac
806 2367 913 2415 inde
949 2367 1211 2417 indolentiae
1248 2369 1297 2417 &
1332 2369 1684 2433 indignationes,
1721 2379 1887 2432 praeter
1910 2368 2019 2416 alios
2044 2375 2208 2419 motus.
2223 2370 2357 2419 dolo·

347 2430 500 2479 rificos
523 2433 771 2490 interiores,
808 2434 858 2482 &
881 2433 968 2482 hoc
991 2435 1113 2483 varie
1136 2435 1186 2483 ὅτ
1211 2435 1391 2483 alternis
1412 2434 1664 2484 secundum
1689 2434 1828 2483 status
1854 2435 1959 2486 mali
1983 2435 2033 2483 &
2067 2434 2178 2494 falfi,
2213 2438 2295 2500 qui
2328 2454 2356 2486 a

346 2496 643 2562 malis-geniis
667 2501 717 2547 δε
739 2499 967 2563 spiritibus
989 2502 1258 2560 ei'tcitarrtur,
1293 2502 1344 2550 ὅτ
1368 2514 1526 2550 contra
1547 2517 1664 2567 quos
1691 2514 1954 2566 pugnatur,
1991 2501 2202 2550 diabolici
2227 2503 2355 2568 spiri-

345 2574 421 2610 tus
443 2564 557 2611 nihil
577 2565 683 2629 plus
705 2567 914 2630 cupiunt,
950 2580 1090 2631 quam
1130 2569 1331 2617 invenire
1370 2568 1555 2632 aliquod
1595 2567 1774 2626 falsum,
1811 2570 1909 2617 imo
1949 2584 2198 2617 commune
2229 2571 2353 2634 apud

343 2643 422 2676 eos
443 2629 507 2676 est
529 2631 744 2679 inducere
775 2649 802 2680 a
821 2632 865 2680 se
887 2631 1072 2690 falsum„
1105 2636 1152 2683 &
1191 2635 1327 2683 fimul
1366 2648 1476 2683 tunc
1514 2635 1715 2683 accusare
1738 2659 1752 2692 ;
1790 2636 1896 2682 inde
1918 2647 2039 2684 tanta
2061 2637 2256 2683 Domini
2281 2638 2351 2684 in-

343 2694 568 2759 dignatio,
605 2699 652 2745 in
675 2696 820 2761 Cujus
842 2699 996 2761 primo
1019 2701 1248 2749 Rationali
1278 2701 1458 2750 nullum
1492 2699 1669 2757 falsum,
1707 2701 1781 2750 sed
1815 2704 2070 2766 apparentia
2092 2704 2205 2761 veri,
2242 2719 2350 2767 quae

342 2761 391 2809 in
426 2761 468 2808 se
489 2774 583 2810 non
606 2778 729 2821 vera,
765 2764 822 2812 de
843 2764 1010 2829 quibus
1034 2768 1239 2829 prius‘n:
1274 2768 1411 2816 1661.
1441 2785 1558 2833 1911
1587 2767 1643 2814 ad
1662 2767 1740 2815 fin.

417 2833 554 2890 1918.
593 2829 738 2878 Vers:
766 2831 810 2877 6.
847 2833 912 2879 Et
938 2831 1050 2879 dixit
1067 2832 1234 2880 Abram
1259 2834 1319 2880 ad
1340 2835 1484 2891 Sarai,
1521 2850 1609 2882 ecce
1631 2834 1789 2882 ancilla
1820 2844 1899 2882 tua
1922 2836 1968 2882 in
1991 2850 2119 2883 manu
2142 2847 2238 2894 tua,
2262 2837 2348 2898 fac

342 2896 382 2941 ei
416 2895 527 2960 quod
557 2895 709 2944 bonum
745 2899 792 2944 in
831 2898 960 2946 oculis
999 2901 1102 2956 tuis,
1139 2900 1194 2949 ξεῖ
1231 2899 1483 2949 humiliavit
1506 2918 1597 2957 eam
1620 2902 1780 2957 Sarai;
1817 2901 1872 2951 &
1882 2901 2009 2964 fugit
2032 2920 2060 2949 a
2072 2902 2195 2965 facie
2215 2904 2344 2952 illius.

339 2960 478 3008 Dixit
501 2961 680 3010 Abram
703 2963 760 3011 ad
785 2964 922 3022 Sarai,
959 2964 1180 3029 fignificat
1203 2969 1573 3031 perceptionem:
1609 2984 1714 3015 ecce
1737 2967 1895 3016 ancilla
1917 2980 1996 3016 tua
2019 2969 2065 3015 in
2090 2986 2228 3017 manu
2252 2982 2344 3027 tua,

329 3025 566 3090 ‘fignificat
604 3030 818 3078 rationale
849 3031 937 3079 hoc
961 3045 1238 3097 conceptum
1270 3035 1354 3081 effe
1388 3034 1469 3082 sub
1500 3034 1718 3098 potestate
1740 3036 1837 3083 veri
1859 3033 2060 3099 adjunCti
2086 3036 2238 3085 bono:
2276 3034 2346 3084 fac

339 3093 383 3139 ei
405 3095 533 3158 quod
557 3093 733 3144 bonum
759 3098 804 3144 in
828 3098 971 3146 oculis
994 3101 1102 3156 tuis,
1138 3100 1361 3164 fignificat
1385 3102 1660 3165 imperium:
1699 3102 1749 3149 ὅτ
1790 3101 2049 3149 humiliavit
2082 3118 2180 3150 eam
2206 3104 2342 3158 Sarai,

339 3157 561 3234 significat
584 3161 975 3227 subjugationem:
1011 3166 1061 3214 δε
1086 3165 1209 3232 fugit
1231 3165 1393 3222 afacie
1416 3166 1529 3234 ejus,
1566 3168 1788 3235 significat
1821 3168 2184 3234 indignatIOnem
2208 3168 2341 3216 ratio-

339 3225 450 3274 nalis
473 3226 606 3292 hujus
630 3230 836 3293 primum
859 3235 1083 3297 concepti.

1413 3302 1454 3350 C
1492 3319 1519 3352 2
2198 3314 2342 3362 1919:
