2788 3744
435 239 520 300 68
941 236 1913 306 GENESIS.

439 369 709 428 versimode,
744 371 794 419 δι·
833 371 1021 434 quidem
1064 370 1149 420 hoc
1190 371 1438 420 secundum
1478 374 1621 419 vitam
1663 375 1784 431 mali,
1836 376 1885 422 &
1926 375 2177 425 secundum
2213 376 2445 442 principia

445 436 556 496 falfi,
593 438 637 485 in
675 437 841 502 quibus
879 437 920 484 se
956 438 1091 484 hom(
1137 438 1442 493 confirmavit,
1490 438 1589 485 haec
1630 437 1731 486 sunt
1769 456 1874 503 quae
1914 440 2031 489 bona
2065 444 2115 490 &
2153 459 2260 491 vera
2297 446 2445 493 aDo-

446 505 575 551 mino
613 505 826 551 continue
864 503 1092 550 influentia
1131 504 1204 549 vel
1242 503 1550 566 exstinguunt,
1586 505 1659 551 vel
1685 504 1922 563 suffocant,
1957 507 2032 555 vel
2057 522 2351 571 pervertunt3
2389 527 2446 558 ne

446 571 598 634 itaque
636 571 751 616 bona
778 569 922 624 malis,
958 570 1008 615 &
1033 584 1135 615 vera
1158 566 1273 616 falfis
1297 569 1692 628 commisceantur,
1727 571 1761 619 fi
1784 575 1907 620 enim
1931 574 2331 624 commiscerentur
2364 594 2445 640 pe-

449 638 553 684 riret
586 636 728 683 homo
762 637 807 681 in
831 647 1071 690 aeternum,
1107 634 1338 683 Dominus
1360 635 1525 702 separat
1550 637 1640 694 illa,
1677 639 1727 686 δε
1751 637 1869 687 bona
1892 656 1943 687 ac
1967 655 2089 698 vera,
2125 657 2232 704 quae
2255 645 2444 706 accepit,

450 703 654 750 recondit
674 704 722 749 in
746 702 952 748 interiore
975 699 1070 764 ejus
1093 700 1296 758 homine,
1332 703 1453 749 unde
1476 704 1708 751 Dominus
1731 704 1951 769 nusquam
1975 708 2226 770 permittet
2249 719 2303 755 ut
2339 723 2445 772 pro-

451 769 600 824 deant,
638 767 857 831 quamdiu
898 767 944 814 in
985 766 1107 813 malo
1147 769 1197 815 ὅτ
1237 765 1344 815 falso
1380 767 1460 825 est,
1497 767 1570 816 sed
1605 781 1716 818 tunc
1752 770 1916 829 solum,
1953 788 2060 820 cum
2085 774 2132 820 in
2155 774 2309 838 aliquo
2332 775 2446 822 statu

451 833 602 882 sanCto
634 833 714 890 est,
749 833 822 880 vel
863 834 908 879 in
948 833 1145 896 quadam
1185 835 1422 892 anxietate,
1459 834 1533 881 vel
1557 836 1604 883 in
1627 836 1818 894 morbis,
1853 839 1902 886 &
1927 838 2179 895 fimilibus;
2216 839 2315 888 haec
2339 856 2446 904 quae

450 901 681 948 Dominus
705 900 764 946 ita
787 898 1039 946 recondidit
1062 899 1182 962 apud
1206 899 1460 957 hominem,
1497 899 1599 948 sunt
1622 918 1728 965 quae
1750 916 1972 951 vocantur
1996 906 2215 968 reliquiae‚
2250 922 2448 970 quarum

453 967 625 1015 mentio
666 966 862 1029 plurima
900 966 955 1012 fit
987 968 1034 1013 in
1056 965 1227 1023 Verbo,
1264 965 1339 1014 sed
1377 966 1586 1015 nondum
1619 968 1753 1016 alicui
1790 982 1971 1028 notum,
2007 971 2134 1035 quod
2169 972 2243 1019 illa
2277 972 2450 1036 fignifi-
2510 1019 2514 1024 .

451 1046 588 1088 cent;
626 1032 767 1080 homo
803 1031 1053 1080 secundum
1090 1033 1351 1096 qualitatem
1379 1034 1430 1080 ὅτ
1453 1035 1751 1097 quantitatem
1775 1036 2083 1100 reliquiarum,
2119 1037 2205 1086 hoc
2228 1037 2306 1096 est,
2343 1037 2451 1086 boni

453 1102 504 1147 &
545 1100 638 1147 veri
674 1098 796 1163 apud
835 1114 961 1156 eum,
997 1097 1162 1146 fruitur
1200 1098 1476 1147 beatitudine
1514 1101 1565 1148 &
1605 1099 1814 1151 felicitate
1851 1104 1898 1149 in
1934 1103 2065 1152 altera
2092 1105 2201 1161 vita,
2237 1121 2360 1162 nam,
2396 1117 2451 1152 ut

453 1166 648 1222 dielum,
685 1165 913 1213 recondita
936 1164 1036 1212 sunt
1058 1167 1103 1212 in
1128 1166 1333 1213 interiore
1355 1163 1451 1228 ejus
1474 1165 1678 1225 homine,
1714 1168 1764 1216 δε
1803 1180 1913 1217 tunc
1952 1182 2123 1233 patent,
2160 1186 2269 1218 cum
2308 1171 2451 1220 homo

452 1247 666 1295 corporea
707 1233 755 1279 &
790 1231 1019 1279 mundana
1051 1231 1261 1295 reliquit:
1296 1233 1528 1280 Dominus
1563 1232 1682 1281 solus
1721 1236 1867 1292 novit,
1903 1236 2054 1299 quales
2079 1237 2130 1284 &
2160 1248 2343 1300 quantae
2366 1238 2452 1285 ho-

454 1300 590 1345 minis
614 1298 816 1361 reliquiae
840 1296 957 1354 sunt,
993 1297 1135 1345 homo
1169 1297 1389 1362 nusquam
1422 1298 1509 1347 hoc
1549 1297 1656 1346 scire
1689 1300 1867 1364 potest;
1903 1318 2010 1350 nam
2033 1302 2167 1350 hodie
2188 1303 2330 1351 homo
2352 1304 2450 1351 talis

451 1364 533 1421 est,
570 1377 621 1411 ut
661 1365 841 1411 mentiri
883 1366 1017 1427 possit
1055 1365 1248 1422 bonum,
1285 1380 1394 1414 curn
1434 1377 1586 1414 tamen
1622 1367 1743 1414 intus
1768 1366 1878 1415 nihil
1911 1368 1993 1415 nifi
2017 1369 2190 1416 malum
2213 1369 2308 1425 est;
2346 1381 2450 1417 tum

452 1447 639 1494 quoque
661 1430 804 1478 homo
827 1444 1038 1494 apparere
1062 1430 1209 1495 potest
1231 1431 1343 1478 ficut
1364 1431 1524 1490 malus,
1552 1448 1669 1480 cum
1693 1445 1846 1481 tamen
1882 1434 2003 1483 intus
2042 1434 2201 1483 habeat
2240 1434 2414 1483 bonum
2435 1458 2451 1493 ς

454 1513 593 1560 quare
618 1496 838 1560 nusquam
863 1497 1037 1544 homini
1070 1498 1174 1545 licet
1199 1495 1403 1562 judicare
1435 1498 1493 1546 de
1525 1498 1681 1556 altero,
1716 1501 1861 1563 qualis
1883 1498 1978 1564 ejus
2000 1502 2092 1550 vita
2113 1501 2347 1565 spiritualis
2370 1501 2452 1559 est,

455 1563 575 1611 solus
613 1564 735 1610 enim
760 1564 1006 1620 Dominus,
1041 1575 1094 1610 ut
1132 1563 1327 1622 dicitum,
1363 1563 1449 1611 hoc
1484 1567 1647 1620 novit;
1685 1564 1758 1612 sed
1781 1568 2025 1630 unicuique
2047 1567 2152 1614 licet
2166 1565 2372 1631 judicare
2395 1568 2454 1615 de

455 1630 610 1686 altero,
645 1629 788 1692 qualis
829 1628 893 1675 est
935 1630 1086 1692 quoad
1123 1630 1265 1677 vitam
1304 1630 1524 1678 moralem
1564 1632 1614 1678 &
1653 1631 1853 1689 civilem,
1888 1632 1977 1680 hoc
1996 1634 2119 1680 enim
2144 1632 2360 1682 societatis
2383 1635 2452 1681 in·

456 1695 613 1744 terest:
651 1696 1075 1742 communissimum
1107 1695 1195 1753 xest,
1238 1696 1366 1759 quod
1406 1696 1471 1744 illi
1508 1698 1588 1760 qui
1625 1699 1888 1760 opinionem
1928 1711 2166 1762 captarunt
2204 1699 2261 1747 de
2300 1699 2452 1764 aliquo

454 1777 566 1809 vero
605 1761 712 1808 fidei
739 1761 795 1808 de
823 1761 919 1808 aliis
942 1759 1169 1824 judicent,
1205 1762 1332 1824 quod
1365 1762 1520 1810 salvari
1544 1775 1781 1826 nequeant,
1818 1764 1898 1811 nifi
1936 1765 2138 1812 similiter
2177 1766 2362 1814 credant
2399 1782 2452 1814 ac

454 1827 536 1884 illi,
586 1827 713 1891 quod
753 1839 913 1874 tamen’
945 1828 1178 1875 Dominus
1218 1826 1468 1891 prohibuit,
1505 1829 1692 1877 Matth:
1720 1845 1832 1878 vu:
1863 1848 1903 1879 1.
1931 1847 1991 1887 23
2044 1847 2152 1879 cum
2197 1843 2350 1880 tamen
2396 1848 2454 1880 ex

456 1893 608 1941 multa
629 1894 900 1957 experientia
937 1893 1049 1940 mihi
1090 1906 1253 1941 notum
1282 1892 1458 1942 faffiium
1489 1894 1559 1952 fit,
1594 1895 1723 1960 quod
1745 1912 1804 1945 ex
1826 1898 1954 1944 omni
1977 1897 2192 1962 religione
2213 1897 2452 1956 salventur,

457 1960 601 2008 modo
625 1976 705 2023 per
727 1959 953 2007 charitatis
976 1962 1120 2007 vitam
1143 1960 1348 2024 reliquias
1386 1961 1493 2008 boni
1529 1963 1580 2010 ὅτ
1618 1964 1869 2027 apparentis
1910 1965 2004 2011 veri
2043 1966 2318 2028 receperint;
2354 1965 2454 2012 haec

455 2026 575 2083 sunt,
610 2042 716 2090 quae
752 2026 991 2083 intellefflz,
1038 2043 1134 2091 per,
1171 2027 1204 2074 fi
1243 2029 1415 2075 inventi
1448 2026 1616 2076 fuerint
1659 2030 1819 2078 decem
1864 2030 1991 2094 quod
2029 2046 2122 2080 non
2159 2031 2451 2095 perderentur

454 2105 642 2156 propter
688 2093 862 2149 decem,
898 2093 1064 2156 quibus
1109 2093 1431 2157 significatum,
1483 2095 1518 2143 fi
1564 2095 1767 2160 reliquiae
1811 2097 1948 2144 effent
1992 2097 2120 2161 quod
2156 2097 2451 2147 salvarentur.

456 2159 698 2206 Charitatis
723 2159 815 2206 vita
837 2158 916 2216 est,
954 2159 1065 2207 bene
1101 2162 1299 2224 cogitare
1333 2162 1392 2208 de
1428 2161 1532 2218 alio,
1567 2163 1619 2210 &
1641 2164 1682 2210 ei
1706 2163 1817 2212 bene
1840 2164 1973 2221 velle,
2007 2164 2058 2212 ὅτ
2078 2165 2305 2228 percipere
2327 2164 2452 2229 apud

457 2225 500 2273 se
540 2226 765 2289 gaudium
806 2241 863 2272 ex
899 2242 971 2282 eo,
1007 2226 1135 2290 quod
1175 2227 1247 2274 alii
1285 2228 1423 2275 etiam
1459 2227 1717 2286 salventur3
1753 2242 1799 2277 at
1831 2230 2057 2278 charitatis
2077 2233 2224 2283 vitam
2258 2247 2352 2283 non
2374 2230 2452 2278 ha-

458 2291 583 2348 bent,
618 2293 699 2355 qui
737 2292 900 2339 volunt
938 2292 1067 2355 quod
1103 2293 1214 2340 nulli
1253 2294 1326 2340 alii
1367 2294 1607 2352 salventur,
1642 2311 1783 2359 quam
1820 2298 1901 2359 qui
1942 2296 2132 2349 credunt
2163 2297 2278 2343 ficut
2317 2297 2365 2353 ii,
2401 2296 2453 2343 ὅτ

458 2359 606 2420 magis
643 2358 724 2419 qui
760 2357 1053 2420 indignantur
1090 2359 1219 2421 quod
1255 2360 1381 2407 aliter
1419 2361 1503 2408 fitz
1539 2361 1627 2409 hoc
1665 2361 1865 2409 constare
1905 2360 2051 2424 potest
2093 2360 2242 2409 solum
2279 2377 2338 2408 ex
2377 2377 2452 2418 eo,

458 2423 588 2487 quod
618 2423 768 2485 plures
804 2438 860 2470 ex
899 2422 1128 2486 gentibus,
1162 2440 1303 2487 quam
1325 2441 1382 2472 ex
1405 2426 1683 2483 Christianis,
1718 2425 1974 2483 salventur;
2010 2427 2090 2490 qui
2128 2428 2252 2474 enim
2291 2442 2453 2475 eorum

459 2489 572 2537 bene
596 2490 852 2552 cogitarunt
880 2489 937 2535 de
960 2490 1190 2553 proximo,
1225 2491 1273 2538 δε
1316 2491 1357 2538 ei
1394 2490 1505 2538 bene
1543 2491 1803 2550 voluerunt,
1840 2493 2017 2549 melius,
2053 2509 2194 2556 quam
2217 2493 2296 2556 qui
2319 2493 2452 2543 Chri-

458 2556 585 2603 stiani
608 2567 844 2612 vocantur,
868 2571 975 2602 vera
996 2555 1104 2603 fidei
1127 2557 1173 2604 in
1197 2555 1335 2605 altera
1356 2559 1450 2605 vita
1472 2558 1711 2622 recipiunt,
1735 2559 1786 2606 ὅτ
1807 2574 1904 2622 prae
1921 2557 2180 2608 Christianis
2203 2557 2453 2623 agnoscunt

457 2620 751 2676 Dominum·,
786 2621 980 2684 Angelis
1003 2623 1127 2669 enim
1150 2622 1260 2673 nihil
1284 2620 1533 2686 jucundius
1558 2626 1608 2673 ὅτ,
1630 2622 1806 2672 felicius
1825 2623 1906 2685 est,
1930 2641 2072 2690 quam
2096 2624 2309 2674 instruere
2331 2625 2450 2686 illos,

460 2689 541 2751 qui
565 2704 621 2736 ex
639 2687 798 2736 tellure
821 2689 867 2735 in
891 2688 1074 2736 alteram
1095 2690 1239 2737 vitam
1263 2691 1467 2737 veniunt.

532 2759 671 2817 2285.
710 2755 856 2818 Qod
895 2771 987 2802 non
1022 2755 1209 2819 perdam
1252 2769 1439 2820 propter
1474 2757 1652 2816 decem,
1705 2758 1927 2823 significet
1969 2758 2098 2822 quod
2143 2756 2450 2816 salvabuntur,

460 2819 631 2869 constat
662 2836 718 2867 ex
741 2820 844 2867 serie
868 2837 1020 2868 rerum
1044 2823 1090 2868 in
1115 2820 1238 2869 sensu
1261 2824 1453 2881 interno,
1490 2825 1552 2872 ita
1582 2823 1747 2888 absque
1769 2825 2080 2889 explicatione.

530 2887 670 2934 2286.
705 2886 826 2933 Vers
834 2906 845 2934 ε
875 2905 951 2951 33.
990 2890 1054 2936 Et
1076 2890 1164 2934 ivit
1179 2889 1400 2952 Jehovah,
1435 2890 1599 2954 quando
1619 2890 1804 2954 absblvit
1825 2891 1939 2954 loqui
1956 2889 2018 2937 ad
2028 2887 2359 2944 Abrahamum3
2394 2890 2451 2943 &³

459 2952 682 3000 Abraham
721 2955 913 3016 reversus
950 2953 1011 3000 ad
1046 2953 1176 3002 locum
1205 2955 1346 3019 suum.
1416 2957 1508 3003 Ivit
1530 2955 1753 3016 Jehovah,
1788 2955 1973 3018 quando
2010 2953 2198 3003 absolvit
2232 2955 2361 3018 loqui
2392 2956 2451 3004 ad

458 3017 792 3075 Abrahamum‚
845 3019 1066 3081 fignificat
1103 3021 1230 3084 quod
1267 3022 1341 3070 hic
1378 3021 1514 3068 status
1554 3022 1870 3085 perceptionis,
1907 3022 1954 3068 in
1973 3037 2067 3086 quo
2089 3019 2178 3070 fuit
2198 3022 2449 3080 Dominus,

451 3096 567 3131 tunc
603 3083 838 3132 absolverit
877 3085 974 3132 talis
1012 3086 1122 3135 effe:
1160 3087 1210 3136 &
1234 3087 1468 3136 Abraham
1507 3086 1702 3135 reversus
1741 3087 1799 3135 ad
1838 3087 1995 3136 locum
2034 3088 2184 3147 suum,
2228 3088 2452 3152 fignificat

452 3151 584 3216 quod
609 3151 841 3201 Dominus
863 3152 911 3200 in
933 3150 1119 3212 statum,
1156 3154 1203 3205 in
1224 3169 1319 3218 quo
1341 3151 1430 3206 fuit
1452 3165 1693 3219 antequam
1714 3167 1812 3204 naec
1835 3155 2054 3221 percepit,
2088 3156 2265 3205 rediret.

1348 3221 1356 3224 “
2308 3225 2448 3288 2287.

2766 2701 2788 3744 adst-mffffli-ffihfflmffl'mfflfinnus
2783 2686 2786 2691 .
2777 2667 2788 2674 .:
2761 2620 2788 2645 2³.
2786 2603 2788 2607 .
2785 2586 2788 2589 Δ
2784 2549 2788 2560 ,.
