2826 3736
0 1531 10 1585 WQ„
3 1507 6 1514 .
0 1462 15 1490 ·-;
0 1427 2 1430 v
0 1366 12 1413 -,--..
0 1330 2 1334 v
0 1277 3 1279 v

652 271 1028 336 CAPUT
1083 266 2130 335 DECIMUMSEXTUM.
2317 288 2402 352 29

384 429 439 465 ut
462 415 515 463 fit
537 429 647 462 cum
670 412 814 460 homo
837 411 893 460 ab
917 412 1003 460 alio
1026 411 1211 460 homine
1235 411 1290 458 ad
1314 410 1491 458 bonurn
1523 408 1758 474 'agendum
1782 407 1979 472 cogitur,
2014 404 2090 452 sed
2112 407 2239 469 quod
2262 407 2335 454 hic
2350 409 2401 470 se

386 499 525 546 cogere
559 481 612 529 fit
635 496 691 528 ex
716 480 858 527 libero
880 479 1082 544 quodam
1122 481 1163 526 ei
1202 480 1382 541 ignoto,
1417 493 1523 525 nam
1561 492 1586 523 a
1604 476 1815 524 Domino
1838 472 2061 537 nusquam
2097 473 2282 535 aliquod
2322 490 2401 521 co-

383 549 535 596 aetum
560 571 574 604 ;
615 547 718 594 inde
742 547 806 594 est
828 546 903 593 lex
927 545 1198 602 universalis,
1234 545 1366 608 quod*
1385 559 1522 592 omne
1558 542 1734 590 bonum
1757 542 1808 590 δε
1831 556 1995 588 verum
2028 537 2318 586 inseminetur
2353 542 2402 586 in

385 614 543 672 libero,
581 615 784 677 alioquin
807 612 979 660 humus
1003 612 1226 675 nusquam
1251 611 1305 658 fit
1328 606 1548 674 recipiens
1581 611 1631 658 δε
1657 607 1816 657 fovens
1840 606 1966 665 boni,
1992 607 2091 654 imo
2124 621 2218 653 non
2253 606 2402 670 aliqua

385 682 573 740 humuS,
609 683 655 728 in
679 696 770 744 qua
794 680 941 727 semen
966 677 1158 725 crescere
1180 679 1326 741 poffit.

463 754 599 812 1938.
637 745 778 795 Vers:
802 762 874 795 10.
911 747 974 793 Et
997 745 1109 793 dixit
1131 746 1169 792 ei
1182 744 1369 807 Angelus
1391 744 1590 807 Jehovae,
1616 741 1934 805 multiplicando
1953 740 2399 803 multiplicabo-fimeta

387 825 524 872 tuum,
560 815 615 864 &
639 829 720 861 non
743 813 1038 861 numerabitur
1063 823 1162 874 prae
1183 811 1470 859 multitudine.⁴
1536 811 1670 859 Dixit
1694 808 1904 873 Angelus
1929 807 2140 870 Jehovae,
2176 806 2402 871 fignificat

387 883 609 930 interioris
650 880 847 928 hominis
885 880 1243 942 cogitationem:
1306 877 1654 941 multiplicando
1695 874 2015 940 multiplicabo
2054 873 2203 921 semen
2244 886 2404 930 tuum,

386 949 610 1013 fignificat
630 945 1025 994 fruCtificationem
1051 943 1301 1011 Rationalis
1337 944 1552 1000 hominis,
1589 959 1699 990 cum
1722 941 1764 990 se
1787 941 1873 990 sub
1891 940 2109 1006 potestate
2125 941 2236 987 Veri
2260 940 2401 988 Intel-

386 1015 586 1063 le&ualis
619 1012 819 1078 adjunffi
842 1015 975 1061 Bono
1007 1011 1262 1058 submittit:
1303 1010 1471 1057 &non
1496 1008 1804 1056 numerabitur
1832 1025 1931 1074 prae
1961 1007 2273 1064 multitudine,
2310 1006 2401 1069 fig-

387 1082 542 1130 nificat
567 1080 995 1144 multiplicationem
1020 1079 1066 1123 in
1090 1074 1381 1123 immensum.

462 1167 517 1215 ¹9
527 1166 600 1212 39.
637 1148 771 1195 Dixit
787 1143 998 1208 Angelus
1022 1142 1232 1205 Jehovae‚
1271 1141 1400 1206 quod
1439 1141 1661 1206 significet
1696 1142 1924 1191 interioris
1959 1141 2184 1198 Hominis
2225 1139 2400 1204 cogita-

388 1218 577 1272 tionem,
615 1212 786 1260 constat
820 1227 878 1258 ex
896 1209 1015 1258 Vers
1026 1230 1037 1259 z
1057 1226 1211 1274 prfec:
1239 1209 1321 1256 ubi
1344 1209 1503 1257 eadem
1530 1209 1680 1257 verba.
1912 1268 1919 1271 μ

391 1318 394 1321 ⁴
463 1297 602 1347 1940.
641 1277 1003 1343 Multiplicando
1040 1275 1357 1340 multiplicabo
1381 1275 1530 1324 semen
1556 1287 1709 1333 tuum,
1746 1275 1874 1340 quod
1909 1275 2133 1339 significet
2153 1273 2402 1322 fructifica-

387 1351 561 1398 tionem
587 1347 840 1395 Rationalis
873 1344 1089 1401 hominis,
1125 1359 1235 1391 cum
1269 1341 1310 1390 se
1335 1342 1417 1390 sub
1442 1342 1658 1407 potestate
1684 1345 1911 1391 interioris
1936 1344 2162 1392 Hominis
2197 1339 2403 1405 adjun&i

390 1419 522 1465 Bono
555 1413 798 1469 submittit,
834 1409 1008 1459 constat
1029 1426 1085 1456 ex
1108 1409 1436 1473 fignificatione
1460 1411 1670 1468 Seminis,
1706 1409 1833 1474 quod
1858 1410 1913 1457 fit
1945 1425 2075 1457 amor
2103 1410 2153 1456 ὅτ,
2177 1408 2314 1465 fides,
2344 1408 2403 1453 de

389 1500 481 1548 qua
503 1483 630 1547 prius
651 1497 709 1528 n:
735 1495 873 1541 1025.
909 1494 1048 1541 1447.
1078 1478 1235 1525 1610:
1270 1476 1345 1524 hic
1381 1488 1534 1525 autem
1569 1477 1850 1540 significatur
1884 1492 1966 1540 per.
2001 1475 2307 1539 multiplicare
2332 1471 2399 1520 se·-

393 1566 518 1606 men,
554 1546 845 1595 stufflficado
886 1543 1142 1592 coelestium
1180 1545 1348 1592 amoris
1383 1545 1430 1596 in
1455 1544 1701 1600 Rationali‚
1738 1544 1926 1607 quando
1957 1542 2195 1590 Rationale
2231 1540 2273 1587 se
2297 1539 2402 1588 sub·

392 1616 561 1664 miserit
597 1615 722 1661 Vero
761 1613 969 1662 Interiori
1002 1610 1076 1659 seu
1116 1611 1324 1659 Divino:
1383 1610 1710 1675 multiplicatio
1755 1610 2036 1674 praedicatur
2082 1609 2139 1655 de
2163 1608 2315 1665 Veris,
2358 1620 2402 1656 at

392 1681 683 1732 fruetificatio
730 1679 787 1728 de
824 1680 980 1739 BoniS,
1017 1690 1070 1727 ut
1101 1677 1274 1726 constat
1309 1677 1366 1726 ab
1402 1678 1490 1739 illis
1525 1693 1633 1742 quae
1669 1675 1791 1724 diua
1825 1677 1875 1724 δε
1918 1674 2095 1723 ostensa
2135 1674 2240 1722 sunt
2273 1676 2401 1738 prius

391 1767 423 1799 n
443 1768 453 1797 :
471 1767 552 1813 43.
580 1766 659 1813 55.
689 1765 798 1814 913·
828 1751 922 1811 983
946 1768 962 1803 ·,
997 1744 1073 1793 sed
1093 1746 1204 1810 quia
1236 1746 1388 1809 agitur
1411 1745 1469 1793 de
1484 1745 1713 1802 Domino,
1749 1759 1829 1807 per
1853 1743 2286 1807 multiplicationem
2310 1741 2400 1805 fig-

392 1817 604 1865 nificatur
633 1814 939 1872 fruetificatio,
974 1814 1081 1877 quia
1113 1829 1253 1860 omne
1276 1813 1456 1861 Verum
1492 1813 1542 1868 in
1563 1810 1796 1860 Rationali
1818 1810 1963 1874 Ipfius
2003 1808 2177 1857 fafitum
2198 1810 2402 1864 Bonum,

393 1884 719 1938 itaDivinum,
745 1880 870 1944 quod
895 1880 971 1926 hic
994 1878 1300 1942 praedicatur:
1337 1879 1462 1926 aliter
1486 1879 1533 1925 in
1557 1877 1758 1934 homine,
1796 1875 1924 1940 cujus
1941 1876 2182 1924 Rationale
2205 1890 2262 1922 ex
2277 1875 2404 1922 Vero

392 1962 471 1997 aut
487 1948 747 1998 Affectione
769 1947 865 1994 veri
889 1962 913 1994 a
935 1946 1147 1993 Domino
1170 1942 1412 2004 formatur,
1450 1944 1527 1992 illa
1542 1944 1747 1992 Affeffio
1770 1942 1833 1990 est
1865 1941 1961 2006 ejus
1986 1944 2189 1998 Bonum,
2226 1957 2283 1989 ex
2307 1957 2404 2004 quo

393 2018 502 2081 agit.
573 2016 646 2062 Ut
675 2014 835 2062 sciatur
857 2012 1100 2076 quomodo
1122 2012 1164 2060 se
1188 2011 1323 2060 habet
1347 2011 1671 2076 multiplicatio
1701 2013 1750 2058 δε
1784 2007 2074 2057 frufflficatio
2106 2008 2234 2071 apud.
2251 2008 2402 2055 homi-

394 2099 500 2130 nem
522 2083 568 2129 in
591 2080 686 2146 ejus
709 2079 959 2136 Radonali,
992 2095 1084 2127 non
1107 2078 1300 2142 intelligi
1324 2077 1489 2143 potest,
1514 2077 1595 2125 nifi
1620 2076 1781 2125 sciatur
1807 2076 2047 2139 quomodo
2071 2075 2112 2122 se
2135 2075 2270 2121 habet
2294 2090 2402 2123 cum

392 2150 596 2212 Influxu,
633 2148 690 2195 de
713 2163 810 2211 quo
833 2146 931 2194 haec
956 2147 1002 2194 in
1027 2161 1220 2210 genere:
1270 2145 1392 2210 apud
1434 2144 1796 2207 unumquemvis
1829 2142 2067 2190 hominem
2104 2141 2168 2189 est
2192 2142 2402 2188 Internus

394 2216 554 2272 homo,
590 2213 654 2261 est
691 2212 942 2261 Rationalis
982 2214 1064 2276 qui
1097 2211 1296 2267 medius,
1328 2213 1383 2275 βε
1407 2211 1655 2267 Externus,
1692 2221 1744 2256 ut
1773 2210 1898 2273 prius
1931 2209 2144 2264 dic'tum3
2192 2209 2402 2255 Internus

395 2282 537 2330 homo
560 2280 623 2328 est
645 2281 726 2344 qui
749 2280 976 2327 Intimum
1011 2276 1107 2342 ejus
1130 2276 1210 2334 est,
1245 2291 1303 2324 ex
1334 2293 1431 2341 quo
1462 2276 1526 2324 est
1555 2277 1716 2333 homo,
1754 2277 1804 2324 δε
1828 2292 1911 2340 per
1933 2292 2072 2339 quem
2105 2274 2401 2338 distinguitur

392 2365 418 2396 a
442 2348 584 2396 brutis
603 2346 886 2404 animalibuS‚
923 2360 1030 2408 quae
1061 2346 1147 2392 tale
1170 2343 1390 2392 intimum
1414 2360 1507 2392 non
1530 2342 1712 2400 habent,
1748 2342 1902 2406 estque
1932 2343 2006 2390 ille
2027 2342 2149 2406 quali
2173 2353 2306 2406 porta
2327 2351 2405 2390 aut

395 2416 605 2465 introitus
627 2414 840 2470 Domini,
876 2412 964 2460 hoc
986 2410 1067 2469 est,
1104 2410 1360 2459 coelestium
1394 2411 1444 2459 ὅτ
1480 2410 1778 2475 spiritualium
1802 2411 2015 2467 Domini,
2052 2412 2099 2456 in
2130 2409 2402 2464 hominem3

393 2482 509 2546 quid
543 2481 605 2528 ibi
644 2481 890 2545 peragitur,
927 2494 1020 2526 non
1061 2477 1161 2542 capi
1201 2477 1349 2542 potest
1389 2477 1445 2525 ab
1478 2477 1682 2535 homine,
1718 2478 1824 2537 quia
1858 2476 1923 2524 est
1962 2476 2092 2541 supra
2131 2492 2270 2523 omne
2307 2474 2402 2539 ejus

395 2548 632 2597 Rationale
666 2563 725 2595 ex
760 2563 856 2611 quo
889 2547 1097 2610 cogitat3
1144 2544 1251 2592 huic
1291 2545 1464 2593 Intimo
1498 2544 1572 2592 seu
1612 2545 1797 2592 Interno
1837 2544 2014 2591 homini
2049 2541 2301 2607 subjectum
2336 2542 2401 2589 est

395 2613 647 2669 Rationale,
683 2613 810 2677 quod
841 2625 1026 2678 apparet
1049 2624 1102 2660 ut
1124 2611 1324 2661 hominis
1346 2612 1605 2676 proprium,
1642 2613 1688 2658 in
1721 2611 1806 2659 hoc
1838 2611 2037 2658 influunt
2059 2626 2139 2674 per
2162 2610 2399 2656 Internum

396 2680 529 2727 illum
568 2680 804 2728 hominem
847 2678 1046 2726 coelestia
1076 2679 1242 2726 amoris
1276 2679 1327 2725 ὅτ
1361 2678 1468 2727 fidei
1501 2695 1527 2726 a
1559 2679 1769 2726 Domino
1789 2699 1805 2732 ·‚
1853 2679 1902 2725 δε
1935 2693 2014 2740 per
2038 2675 2273 2723 Rationale
2312 2675 2400 2722 hoc

397 2749 442 2794 in
478 2746 738 2803 scientifica,
773 2761 880 2809 quae
920 2743 1023 2791 sunt
1043 2744 1236 2791 Externi
1260 2744 1460 2791 hominis
1480 2767 1496 2799 ·,
1532 2743 1607 2791 sed
1631 2759 1737 2805 quae
1770 2743 1984 2800 influunt,
2023 2744 2302 2806 recipiuntur
2335 2740 2398 2789 se-

394 2813 600 2861 cundum
637 2811 803 2860 statum
827 2808 1050 2874 cujusvis:
1088 2809 1168 2857 nifi
1192 2810 1430 2857 Rationale
1456 2809 1497 2857 se
1532 2808 1770 2858 submittat
1803 2809 1934 2857 bonis
1967 2810 2018 2858 &
2043 2811 2161 2856 veris
2182 2809 2396 2865 Domini,

396 2893 505 2928 tunc
528 2895 635 2944 quae
660 2879 872 2935 influunt,
908 2877 1143 2925 Rationale
1181 2876 1268 2924 hoc
1306 2875 1381 2924 vel
1415 2874 1620 2933 suffocat,
1657 2877 1728 2924 vel
1763 2874 1922 2940 rejicit,
1959 2875 2032 2924 vel
2066 2878 2305 2941 pervertit,
2349 2877 2400 2922 δε

395 2946 543 2994 adhuc
568 2947 732 3009 magis,
767 2961 878 2993 cum
902 2945 1099 2992 influunt
1124 2945 1171 2990 in
1195 2942 1435 2991 scientifica
1459 2942 1667 2991 sensualia
1693 2945 1929 2991 memoriae
1951 2966 1966 2999 ·‚
2008 2943 2106 2990 haec
2127 2942 2243 2999 sunt,
2270 2941 2394 3005 quod

397 3013 546 3061 semen
569 3012 643 3059 vel
666 3012 800 3060 cadat
831 3013 878 3059 in
902 3013 1044 3067 viam,
1080 3011 1155 3058 vel
1186 3009 1325 3074 ,super
1358 3009 1610 3073 petrosum,
1643 3011 1716 3058 vel
1754 3012 1868 3057 inter
1893 3009 2054 3075 spinas,
2092 3009 2204 3057 ficut
2227 3009 2396 3056 Domi-

394 3096 479 3127 nus
512 3080 646 3128 docet
670 3078 973 3126 Matthzxm
995 3097 1010 3126 ι
1033 3095 1057 3141 3
1086 3077 1144 3125 ad
1172 3093 1214 3142 7.
1268 3078 1398 3124 Marc
1420 3095 1433 3125 τ
1454 3093 1509 3124 tv
1530 3094 1541 3124 ε
1564 3094 1589 3140 3
1624 3076 1677 3124 ad
1708 3093 1750 3142 7.
1794 3077 1899 3124 Luc
1921 3097 1931 3125 :
1952 3093 2053 3123 vin
2076 3094 2086 3123 :
2110 3094 2136 3139 5
2173 3075 2230 3121 ad
2258 3091 2312 3139 73
2349 3085 2395 3119 at

395 3162 504 3193 cum
533 3145 768 3194 Rationale
793 3144 833 3192 se
859 3144 1104 3201 submittit,
1141 3145 1191 3192 &
1214 3144 1358 3191 credit
1379 3145 1624 3200 Domin03
1669 3143 1755 3191 hoc
1791 3143 1871 3201 est,
1907 3144 2062 3190 Verbo
2087 3141 2246 3205 Ipsius,
2284 3153 2395 3187 tunc

395 3211 458 3281 est
476 3211 710 3259 Rationale
734 3211 848 3261 ficut
871 3211 1040 3260 humus
1067 3209 1140 3259 seu
1172 3222 1291 3260 terra
1327 3211 1462 3270 bona,
1500 3212 1547 3259 in
1584 3226 1723 3275 quam
1759 3211 1882 3259 cadit
1906 3210 2072 3267 semen,
2108 3209 2158 3256 δε
2192 3205 2397 3253 multum

394 3277 597 3326 fructum
621 3275 722 3327 fert.

2174 3353 2311 3404 1941.
2338 3336 2409 3384 Et.
