2826 3736
616 281 979 345 CAPUT
1043 280 1573 345 DECIMUM
1635 279 2091 343 SEXTUM.
2277 308 2358 369 33

341 416 390 465 in
429 412 524 480 ejus
548 416 856 473 Rationalem,
891 432 949 464 ex
985 416 1089 474 illis,
1133 432 1240 481 quae
1279 416 1400 464 dicta
1434 414 1552 470 sunt,
1604 412 1803 462 constare
1842 412 2007 477 potest,
2060 414 2121 461 ita
2161 432 2251 463 non
2291 418 2355 464 est

339 483 490 547 aliqua
529 482 726 531 detrufio
767 483 831 530 sui
869 484 916 530 in
955 496 1265 547 paupertatem
1302 485 1352 530 δε
1395 480 1606 538 miserias,
1644 481 1717 528 seu
1750 479 1975 528 abdicatio
2006 478 2351 544 jucunditatum

328 548 559 614 corporis,
597 550 702 598 inde
742 566 834 598 non
875 550 1091 597 domatur
1129 551 1179 598 δε
1221 547 1488 613 subjugatur
1527 547 1720 605 malum,
1755 547 2031 612 quandoque
2060 548 2196 595 etiam
2228 548 2348 596 aliud

338 617 513 664 malum
562 617 666 664 inde
713 615 1018 674 exsuscitatur,
1072 631 1237 680 nempe
1285 617 1501 663 meritum
1547 627 1734 679 propter
1778 613 2128 671 abdicationem,
2181 612 2348 678 praeter

335 683 466 748 quod
512 682 705 730 liberum
749 683 951 729 hominis
999 684 1209 745 patiatur,
1259 683 1306 729 in
1346 698 1457 746 quo,
1508 694 1559 729 ut
1599 683 1646 729 in
1693 681 1853 737 humo,
1903 682 2034 729 unice
2074 680 2250 728 bonum
2295 681 2347 729 δε

333 765 499 796 verum
523 749 631 797 fidei
650 747 902 797 inseminati
925 748 1088 813 potest.
1126 750 1199 797 De
1224 748 1489 796 Afflictione
1513 748 1640 812 quod
1663 749 1800 800 etiam
1826 747 1879 795 fit
1895 748 2100 805 tentatio,
2137 748 2345 796 videatur

332 817 458 880 prius
483 832 543 864 n:
576 817 715 876 1846.
779 820 782 823 ”
2236 830 2252 837 “

406 888 547 946 1948.
584 882 707 930 Vers
717 902 727 931 :
763 900 779 931 1
795 899 835 931 2.
873 885 935 932 Et
961 885 998 930 is
1021 898 1176 944 onager
1198 881 1332 939 home,
1369 898 1518 930 manus
1541 883 1628 947 ejus
1649 883 1695 928 in
1717 897 1867 938 omnes,
1906 880 1962 931 ἔθ’
1988 897 2138 928 manus
2160 883 2341 929 omnium

327 949 374 996 in
410 965 536 1005 eum,
571 949 628 999 ὅ
661 959 810 998 contra
837 951 978 1012 facies
1014 952 1195 997 omnium
1221 949 1423 1011 fratrum
1450 948 1628 1011 suorum
1665 947 1896 996 habitabit.
1969 948 2012 995 Is
2052 949 2136 994 erit
2171 964 2340 1011 onager

327 1015 488 1072 homo,
524 1016 747 1079 fignificat
763 1032 926 1065 verum
951 1015 1160 1064 rationale
1179 1014 1309 1077 quod
1333 1012 1626 1061 describitur:
1664 1029 1826 1062 manus
1849 1011 1942 1079 ejus
1966 1015 2013 1061 in
2036 1030 2212 1071 omnes,
2249 1015 2338 1078 fig-

326 1082 482 1130 nificat
517 1083 646 1146 quod
686 1083 998 1147 pugnaturum
1039 1092 1200 1127 contra
1239 1079 1315 1126 illa
1347 1094 1454 1143 quae
1493 1095 1585 1127 non
1620 1095 1753 1127 vera:
1790 1081 1839 1128 &
1866 1096 2026 1128 manus
2049 1083 2261 1128 omnium
2287 1083 2334 1128 in

324 1165 450 1206 eum,
487 1149 710 1212 fignificat
749 1148 878 1212 quod
917 1146 1024 1195 falsa
1060 1158 1395 1211 repugnatura:
1428 1148 1480 1195 δε
1516 1157 1672 1193 contra
1714 1143 1847 1193 facies
1884 1148 2100 1194 omnium
2138 1145 2332 1195 fratrum

323 1214 510 1264 suorum
535 1214 766 1271 habitabit,
803 1213 1025 1278 fignificat
1048 1213 1177 1278 quod
1201 1213 1432 1262 continuae
1464 1213 1776 1261 contentiones
1801 1213 1847 1260 in
1871 1214 1924 1261 iis
1947 1213 2186 1277 quaefidei
2211 1213 2330 1272 sunt,

321 1281 397 1337 sed
419 1282 547 1345 quod
573 1280 712 1344 usque
736 1281 885 1328 victor
906 1283 1004 1329 erit.
1057 1318 1066 1323 -

396 1365 535 1413 1949.
574 1348 617 1394 Is
641 1349 725 1396 erit
747 1363 916 1411 onager
939 1347 1098 1404 homo,
1134 1345 1261 1410 quod
1285 1345 1507 1410 fignificet
1530 1345 1708 1393 Verum
1749 1345 1977 1403 rationale,
2013 1346 2142 1411 quod
2166 1347 2327 1395 descri-

323 1413 462 1471 bitur,
500 1413 672 1462 constat
711 1430 768 1462 ex
805 1413 1131 1479 significatione
1170 1415 1346 1476 onagri,
1383 1413 1511 1476 quod
1544 1412 1598 1460 fit
1623 1429 1787 1460 verum
1824 1413 2066 1461 rationale:
2104 1416 2151 1461 in
2173 1414 2329 1462 Verbo

319 1481 488 1545 pluries
529 1491 840 1528 memorantur
866 1481 1010 1544 Equi,
1045 1479 1255 1543 EquiteS‚
1293 1479 1434 1536 Muli,
1472 1479 1633 1536 Asini„
1675 1480 1725 1527 &
1762 1480 1933 1528 nemini
1973 1479 2120 1527 adhuc
2162 1492 2326 1528 notum
2407 1523 2411 1525 ,

317 1546 397 1604 est,
426 1547 560 1611 equod
585 1547 837 1610 significent
860 1546 1192 1603 intellectualia,
1226 1545 1474 1603 rationalia,
1508 1546 1558 1593 δε
1583 1545 1842 1602 scientifica,
1879 1547 1960 1609 qui
1988 1546 2114 1609 quod
2139 1546 2216 1594 illa
2237 1547 2327 1611 fig-

315 1613 517 1672 nificent,
553 1629 610 1661 ex
632 1614 794 1661 Divini
817 1615 1011 1662 Domini
1048 1612 1379 1670 Misericordia,
1428 1612 1516 1660 suis
1555 1611 1687 1670 locis,
1739 1611 1896 1659 multis
1942 1612 2321 1670 confirmabitur3

311 1679 514 1730 e'usdem
537 1681 713 1745 generis
737 1680 801 1728 est
823 1696 1009 1746 onager,
1044 1679 1109 1728 est
1147 1681 1272 1731 enim
1310 1679 1466 1727 mulus
1506 1678 1665 1728 deserti
1703 1677 1777 1727 seu
1817 1678 1963 1726 afinus
1996 1678 2234 1743 sylvestris,
2271 1681 2323 1728 δε

347 1748 537 1812 gnificat
575 1747 811 1796 Rationale
857 1747 1072 1804 hominiS‚
1124 1763 1217 1795 non
1254 1746 1494 1795 Rationale
1534 1746 1581 1793 in
1620 1745 1701 1794 suo
1744 1745 2008 1810 complexu,
2062 1745 2134 1794 sed
2177 1747 2323 1794 modo

267 1812 272 1818 ’
310 1829 475 1862 verum
499 1815 738 1863 rationale:
776 1815 1014 1863 Rationale
1051 1813 1250 1861 confistit
1289 1831 1315 1861 a
1354 1813 1478 1860 bono
1516 1814 1565 1860 &
1604 1829 1732 1869 vero,
1767 1812 1855 1860 hoc
1879 1812 1958 1869 est,
1994 1828 2052 1859 ex
2087 1812 2174 1860 illis
2212 1830 2320 1876 qua:

308 1879 412 1928 sunt
434 1881 675 1936 charitatis,
710 1881 759 1928 &
800 1896 859 1927 ex
900 1880 987 1927 illis
1022 1894 1131 1943 quae
1165 1878 1267 1926 sunt
1299 1878 1444 1934 fidei;
1481 1878 1719 1926 Rationale
1741 1894 1905 1926 verum
1928 1878 2062 1926 estid
2085 1879 2212 1941 quod
2237 1895 2318 1942 per

310 1963 540 2011 onagrum
580 1946 888 2010 fignificatur;
925 1945 1013 1995 hoc
1052 1961 1175 1994 nunc
1211 1945 1291 2003 est,
1327 1945 1455 2010 quod
1494 1961 1576 2009 per
1597 1944 1831 1994 Ismaelem
1874 1945 2229 2009 repraesentatur,
2264 1946 2316 1994 &

310 2012 576 2062 describitur
597 2014 644 2060 in
666 2013 753 2061 hoc
775 2012 919 2061 versu.
989 2013 1150 2061 Nemo
1171 2012 1351 2061 credere
1374 2012 1537 2076 potest,
1573 2011 1702 2075 quod
1726 2012 1904 2059 Verum
1943 2011 2154 2059 rationale
2192 2012 2315 2075 sepa-

308 2092 459 2129 ratum
493 2097 519 2129 a
541 2082 673 2129 Bono
696 2079 916 2138 rationali,
953 2078 1042 2128 tale
1074 2079 1144 2137 fit,
1181 2096 1263 2127 nec
1286 2078 1505 2126 scivissem
1528 2078 1656 2142 quod
1680 2077 1766 2125 tale
1786 2077 1867 2126 nifi
1892 2093 1974 2141 per
1996 2079 2151 2126 vivam
2176 2093 2317 2142 expe⁴

307 2148 514 2195 rientiarn
571 2146 846 2203 instructus-»3
903 2146 998 2194 five
1044 2146 1166 2194 dicas
1205 2147 1383 2194 Verum
1431 2144 1662 2201 rationale,
1714 2145 1806 2192 five
1846 2144 2125 2201 Hominem,
2184 2143 2315 2209 cujus

307 2213 547 2262 Rationale
582 2212 668 2261 tale
706 2212 770 2260 est
810 2213 935 2260 idem
967 2211 1060 2260 est:
1109 2213 1296 2269 Homo,
1332 2209 1462 2275 cujus
1483 2209 1721 2258 Rationale
1751 2209 1837 2258 tale
1875 2209 1956 2267 est,
1992 2223 2044 2258 ut
2085 2209 2229 2258 solum
2266 2213 2313 2259 in

306 2278 431 2327 Vero
471 2280 543 2338 fit,
579 2279 749 2328 etiamsi
785 2280 830 2327 in
853 2279 977 2326 Vero
1017 2278 1139 2335 fidei,
1175 2293 1266 2325 non
1308 2277 1442 2324 fimul
1482 2278 1529 2324 in
1570 2278 1702 2325 Bono
1742 2276 1980 2334 charitatis,
2029 2276 2092 2324 est
2132 2278 2312 2341 prorsus

303 2345 436 2403 talis;
472 2346 536 2394 est
577 2347 647 2393 vir
687 2344 909 2403 morosus,
946 2344 1059 2392 nihil
1099 2345 1290 2409 patiens,
1327 2357 1483 2392 contra
1522 2359 1699 2400 omnes,
1748 2345 2107 2407 unumquemvis
2146 2345 2310 2392 videns

301 2411 417 2472 ficut
440 2414 486 2460 in
509 2411 637 2469 falso,
674 2412 796 2461 illico
821 2413 1071 2476 increpans,
1113 2410 1347 2476 castigans,
1382 2411 1591 2474 punienS,
1628 2427 1720 2458 non
1746 2409 1992 2468 miseretur,
2029 2427 2122 2458 non
2156 2410 2196 2458 se
2226 2428 2307 2475 ap-

301 2477 459 2544 plicat,
497 2482 546 2528 &
586 2479 735 2527 studet
773 2479 949 2526 flectere
984 2480 1194 2534 animos;
1230 2494 1336 2526 nam
1378 2494 1436 2527 ex
1457 2478 1582 2525 Vero
1619 2476 1786 2542 spectat
1822 2493 1979 2534 omne,
2015 2477 2065 2525 δε
2105 2477 2215 2525 nihil
2248 2494 2307 2525 ex

301 2547 467 2602 B0n03
504 2546 608 2594 inde
630 2545 710 2603 est,
746 2545 874 2610 quod
898 2544 1054 2593 Ismael
1085 2543 1311 2610 expulsus,
1347 2545 1398 2593 δε
1421 2544 1526 2592 dein
1549 2543 1770 2592 habitavit
1789 2544 1835 2591 in
1864 2542 2052 2600 deserto,
2088 2545 2138 2591 δε
2164 2557 2308 2592 mater

301 2614 341 2659 ei
366 2627 555 2660 uxorem
580 2614 744 2675 accipit
766 2629 791 2660 e
816 2619 931 2659 terra
947 2612 1164 2678 AEgypti,
1200 2612 1336 2661 Gen:
1363 2626 1447 2659 Χκι
1471 2629 1482 2659 :
1509 2629 1539 2675 9
1563 2611 1617 2658 ad
1646 2627 1726 2667 21,
1762 2626 1868 2674 quae
1909 2611 2064 2658 omnia
2100 2609 2201 2657 sunt
2234 2626 2302 2657 re-

297 2677 610 2742 praesentativa
650 2678 725 2724 tali
749 2677 975 2725 Rationali
1014 2677 1213 2742 praediti.
1283 2679 1581 2741 Onagrorum
1625 2677 1800 2724 mentio
1838 2676 1892 2723 fit
1931 2678 1978 2723 in
2018 2676 2302 2740 Propheticis

298 2743 455 2802 Verbi,
493 2757 545 2793 ut
579 2743 700 2808 apud
742 2741 937 2799 Esaiam,
973 2747 1009 2770 “
1044 2743 1270 2791 Palatium
1308 2745 1394 2790 erit
1432 2741 1676 2798 desertum,
1727 2742 1978 2789 multitudo
2013 2742 2136 2789 urbis
2174 2742 2302 2791 dere<-

299 2816 334 2839 “
369 2810 488 2868 licta,
524 2810 671 2858 clivus
694 2809 744 2857 δε
770 2808 946 2874 specula
978 2808 1062 2856 erit
1089 2824 1174 2873 pro
1198 2807 1437 2873 speluncis,
1473 2806 1613 2872 usque
1645 2809 1691 2855 in
1716 2807 1932 2855 saeculum
1948 2809 2156 2870 gaudium
2179 2811 2299 2857 Ona-

298 2883 333 2907 “
361 2893 555 2942 grorum,
591 2875 807 2941 pascuum
841 2875 1092 2940 gregum,”
1128 2890 1303 2924 xxx11:
1337 2893 1409 2936 14.
1445 2873 1526 2922 ubi
1548 2874 1607 2922 de
1629 2873 1874 2922 vastatione
1908 2874 2296 2933 intellectualium,

294 2960 402 3010 quae
424 2959 535 2992 cum
559 2942 727 2991 vastata
748 2941 900 3007 quoad
919 2942 1054 2998 Vera,
1089 2954 1310 2990 vocantur
1333 2941 1555 3006 gaudium
1577 2942 1890 3005 Onagrorum,
1928 2942 1972 2988 &
2001 2942 2152 3005 quoad
2181 2941 2298 2992 bona

294 3010 512 3076 pascuum
536 3024 752 3076 gregum,
789 3010 849 3056 ita
870 3021 922 3056 ut
945 3024 1037 3056 non
1075 3009 1318 3057 rationale:
1354 3007 1477 3072 apud
1501 3008 1766 3069 Jeremiam,
1805 3013 1840 3035 “
1875 3009 2044 3070 Onagri
2083 3007 2298 3056 steterunt

294 3083 330 3107 “
364 3076 493 3141 super
514 3075 722 3134 collibus,
759 3074 1025 3123 sorbuerunt
1048 3088 1259 3132 ventum,
1296 3075 1409 3123 ficut
1431 3076 1535 3132 ceti,
1571 3073 1795 3123 consumti
1826 3074 1928 3121 sunt
1963 3074 2082 3121 oculi
2116 3090 2295 3130 eorum,

294 3149 330 3171 “
363 3145 471 3207 quia
494 3159 584 3191 non
611 3141 793 3199 herba,”
830 3157 952 3189 xiv:
981 3141 1009 3188 6
1046 3141 1126 3189 ubi
1147 3142 1204 3190 de
1227 3142 1437 3198 ficcitate,
1473 3139 1547 3188 seu
1572 3157 1664 3189 non
1687 3141 1810 3189 bono
1837 3141 1886 3189 ὅτ
1912 3157 2052 3196 vero;
2088 3141 2145 3187 de
2168 3142 2295 3187 Ona·

289 3209 383 3274 gris
413 3208 687 3272 praedicatur
719 3207 846 3274 quod
880 3207 1082 3256 sorbeant
1106 3221 1314 3266 ventum,
1351 3224 1460 3256 cum
1499 3209 1644 3256 inania
1681 3220 1917 3272 captantur
1950 3207 2052 3254 loco
2088 3206 2292 3262 realium,

290 3291 396 3341 quac
422 3274 523 3322 sunt
548 3271 652 3324 veta
674 3296 689 3333 3
723 3274 947 3323 consumti
973 3276 1094 3323 oculi
1118 3291 1203 3342 pro
1226 3275 1352 3339 quod
1378 3291 1541 3323 verum
1566 3274 1679 3340 quid
1703 3275 1757 3323 fit
1780 3290 1871 3323 non
1907 3275 2132 3336 capiatur:
2171 3270 2294 3334 apud

2009 3339 2062 3385 H
2068 3336 2293 3407 osche-am,
