2826 3736
627 295 998 362 CAPUT
1061 294 1580 358 DECIMUM
1647 295 2106 359 SEXTUM.
2288 314 2367 381 17

359 447 489 484 amor
526 433 657 480 unice
692 431 757 479 est
795 431 874 494 qui
910 429 1063 485 vivit·‚
1099 440 1259 476 caetera
1287 425 1462 491 objesta
1485 425 1587 474 sunt
1612 427 1756 475 modo
1779 427 2076 474 derivationes
2102 429 2220 484 inde,
2257 445 2362 484 ouae

360 503 503 549 vitam
528 499 652 547 suam
673 497 856 546 trahunt
881 513 907 543 a
930 497 1018 543 fine
1033 514 1047 543 :
1083 494 1270 559 quisque
1292 495 1446 542 videre
1472 493 1636 558 potest,
1671 493 1854 558 qualem
1880 494 2024 540 vitam
2042 493 2191 550 habet,
2218 487 2361 543 modo

359 567 564 631 exploret
584 565 768 630 qualern
802 564 980 617 finem·,
1014 578 1108 609 non
1144 561 1298 625 quales
1336 561 1465 617 fines,
1502 577 1609 608 nam
1651 559 1998 607 innumerabiles
2037 559 2155 616 sunt,
2193 576 2360 624 nempe

360 646 476 697 quot
500 633 784 687 intentioneS,
819 631 870 677 δε
892 626 983 676 fere
1012 640 1128 692 quot
1150 628 1485 691 cogitationum
1501 625 1674 691 judicia
1697 629 1745 675 δε
1772 626 1993 684 conclusa,
2030 625 2104 674 sed
2137 626 2236 674 haec
2261 627 2364 675 sunt

361 701 473 748 fines
496 697 769 753 intermedii,
805 697 885 759 qui
923 711 948 742 a
983 694 1219 758 principali
1251 695 1372 741 varie
1413 693 1688 750 derivantur,
1725 693 1800 740 vel
1832 683 1888 740 ad
1913 693 2046 741 illum
2070 693 2282 750 tendunt,
2318 706 2364 741 at

360 766 565 830 exploret
602 764 742 811 finem
782 777 924 826 quem
956 761 1139 825 reliquis
1164 759 1367 825 praefert,
1403 760 1453 807 δε
1494 759 1623 824 cujus
1658 759 1857 824 respetstu
1894 760 2055 824 reliqui
2094 759 2208 807 ficut
2246 759 2358 807 nihil

362 832 494 880 sunt:
531 831 564 879 fi
588 847 673 894 pro
696 829 786 877 fine
810 828 942 876 habet
965 826 1104 875 semet
1122 828 1172 875 δε
1198 826 1446 883 mundum,
1483 826 1588 875 sciat
1610 827 1738 891 quod
1771 824 1998 873 infernalis
2027 827 2080 874 fit
2101 849 2115 881 3
2152 826 2184 873 fi
2207 839 2361 874 autem

361 914 448 962 pro
470 898 561 945 fine
584 897 717 944 habet
740 895 916 943 bonum
939 895 1159 958 proximi,
1195 893 1370 941 bonum
1405 909 1670 950 commune,
1701 894 1930 956 Regnum
1953 894 2166 949 Domini,
2203 894 2363 957 impri-

361 966 450 1013 mis
473 963 629 1028 Ipsum
647 963 927 1018 Dominum,
962 959 1067 1007 sciat
1089 960 1215 1023 quod
1239 958 1435 1007 coelestis
1458 959 1525 1006 sit.

436 1045 573 1092 1910.
611 1030 676 1089 Et
698 1029 925 1091 concepit,
975 1026 1104 1090 quod
1139 1026 1362 1089 significet
1400 1026 1597 1088 primam
1634 1027 1780 1074 vitam
1814 1026 2081 1084 Rationalis,
2125 1026 2297 1074 constat
2335 1044 2362 1074 a

363 1097 688 1161 significatione
720 1094 1046 1156 conceptionis,
1081 1093 1209 1155 quod
1233 1091 1287 1138 fit
1310 1093 1459 1155 prima
1481 1094 1604 1140 vita:
1640 1093 1768 1156 quod
1794 1093 2028 1140 Rationale
2065 1095 2239 1150 attinet,
2275 1094 2363 1140 hoc

363 1166 509 1212 vitam
550 1163 688 1218 suam,
725 1173 778 1208 ut
817 1159 1012 1216 dietum,
1047 1159 1211 1222 accipit
1234 1175 1260 1206 a
1282 1160 1378 1204 vita
1399 1159 1569 1206 Interni
1592 1159 1799 1206 ‘hominis
1823 1160 2037 1207 influente
2059 1161 2106 1207 in
2129 1163 2273 1207 vitam
2298 1158 2363 1206 af-

364 1229 568 1278 feffionis
591 1228 912 1291 cognitionum
942 1225 993 1272 &
1023 1223 1304 1271 scientiarum
1327 1225 1609 1281 Exterioris3
1646 1227 1740 1273 vita
1774 1226 2021 1274 affeffionis
2044 1228 2364 1290 cognitionum

365 1297 417 1344 &
453 1294 735 1349 scientiarum
776 1292 854 1340 dat
876 1291 1104 1339 Rationali
1144 1290 1265 1354 quasi
1307 1307 1490 1355 corpus,
1525 1291 1600 1339 seu
1633 1292 1783 1340 induit
1804 1294 1949 1340 vitam
1974 1294 2142 1340 Interni
2164 1292 2366 1342 hominis

364 1361 479 1410 ficut
511 1376 678 1424 corpus
706 1361 942 1414 animam;
979 1358 1264 1421 cognitiones
1301 1359 1348 1404 &
1385 1357 1581 1406 scientiae
1604 1375 1697 1406 non
1722 1359 1848 1406 aliter
1870 1357 1912 1407 se
1936 1358 2130 1407 habent:
2169 1359 2268 1406 idea
2289 1359 2363 1406 seu

365 1428 498 1475 instar
521 1429 687 1474 anirnae
711 1427 760 1473 &
792 1425 995 1488 corporis
1023 1423 1088 1471 est
1107 1425 1157 1470 in
1181 1423 1383 1488 fingulis,
1420 1441 1527 1488 quae
1551 1426 1671 1489 apud
1702 1425 1954 1482 hominem,
1992 1427 2038 1473 in
2062 1426 2247 1488 singulis
2267 1423 2363 1488 ejus

365 1494 629 1550 affefflonis‚
663 1493 714 1541 &
754 1493 802 1538 in
840 1490 1025 1554 singulis
1063 1487 1159 1554 ejus
1191 1492 1497 1554 cogitationis,
1534 1508 1639 1539 nam
1680 1491 1793 1539 nihil
1829 1508 1941 1549 non,
1990 1504 2222 1556 utcunque
2259 1493 2365 1539 sim-

364 1561 472 1624 plex
494 1570 694 1624 apparet,
728 1558 792 1606 est
814 1556 1140 1621 compositum,
1175 1557 1225 1604 ὅτ
1248 1556 1395 1604 existit
1427 1574 1452 1605 a
1474 1559 1614 1621 priori
1637 1557 1693 1606 se.

438 1641 577 1688 1911.
614 1625 678 1674 Et
700 1625 819 1672 vidit
841 1623 968 1687 quod
993 1625 1268 1687 conceperit,
1303 1624 1354 1671 &
1378 1623 1482 1671 vilis
1515 1622 1604 1672 fuit
1630 1625 1830 1672 Domina
1865 1623 1960 1689 ejus
1994 1625 2040 1672 in
2074 1624 2217 1672 oculis
2249 1621 2362 1688 ejus,

364 1693 494 1758 quod
532 1691 755 1756 significet
791 1689 922 1755 quod
945 1690 1182 1738 Rationale
1217 1690 1304 1738 hoc
1345 1692 1392 1737 in
1434 1691 1732 1756 conceptione
1774 1690 1850 1739 sua
1880 1691 2180 1756 vilipenderet
2218 1690 2368 1754 ipsum

366 1775 530 1809 verum
563 1756 832 1832 adjunfitum
863 1756 1004 1814 bono,
1040 1755 1214 1804 constat
1246 1773 1271 1804 a
1297 1756 1624 1820 significatione
1647 1759 1869 1806 Dominae
1891 1757 1966 1806 seu
1988 1759 2126 1816 Satrai,
2163 1760 2290 1823 quod
2314 1761 2368 1809 sit

366 1842 529 1875 verum
551 1824 819 1889 adJunCtum
853 1822 1010 1871 bono:
1046 1823 1285 1870 Rationale
1323 1824 1476 1887 primo
1516 1837 1794 1888 conceptum
1835 1841 1928 1872 non
1961 1824 2107 1888 potest
2129 1826 2368 1889 agnoscere

299 1950 303 1952 ἢ
365 1893 548 1942 Verum
571 1889 868 1939 intellectuale
891 1888 966 1936 seu
989 1887 1212 1952 spirituale
1246 1905 1331 1953 pro
1353 1905 1480 1947 vero,
1515 1891 1623 1955 quia
1662 1891 1893 1938 adhaerent
1931 1894 1971 1939 ei
2005 1907 2061 1938 ex
2085 1889 2273 1939 scientiis
2293 1909 2367 1940 ac-

367 1961 510 2023 ceptis
532 1974 557 2006 e
581 1956 759 2004 mundo
781 1956 831 2003 &
855 1966 1014 2002 natura
1035 1955 1186 2020 plures
1210 1955 1413 2014 fallaciae,
1448 1957 1499 2004 δε
1523 1973 1581 2005 ex
1603 1957 1942 2021 cognitionibus
1966 1959 2109 2021 captis
2147 1974 2203 2004 ex
2245 1957 2368 2006 sensu

367 2024 527 2073 literali
550 2022 691 2070 Verbi
716 2022 1008 2086 apparentiae,
1043 2037 1150 2085 quae
1173 2038 1264 2069 non
1290 2021 1391 2070 sunt
1414 2039 1518 2070 vera
1539 2041 1549 2071 :
1586 2035 1638 2070 ut
1658 2039 1743 2086 pro
1764 2024 1992 2087 exemplo,
2027 2024 2204 2070 Verum
2237 2026 2368 2074 intel-

367 2090 554 2139 leEtuale
576 2087 658 2147 est,
692 2087 820 2152 quod
843 2089 994 2136 omnis
1017 2089 1111 2135 vita
1133 2105 1158 2136 a
1178 2089 1404 2146 Domino,
1439 2089 1676 2137 Rationale
1699 2091 1854 2153 primo
1886 2101 2160 2154 conceptum
2187 2090 2234 2137 id
2275 2108 2368 2140 non

368 2159 507 2222 capit,
543 2155 723 2220 putatfi
746 2170 837 2202 non
861 2155 1034 2202 viveret
1057 2170 1114 2202 ex
1139 2154 1196 2212 se,
1234 2154 1346 2202 nihil
1369 2157 1479 2202 vitae
1502 2155 1698 2211 haberet,
1735 2157 1832 2203 imo
1870 2156 2134 2219 indignatur
2172 2157 2203 2204 fi
2244 2159 2371 2206 aliter

369 2224 554 2280 dicitur,
590 2234 643 2269 ut
666 2219 899 2268 multoties
922 2233 1247 2284 apperceptum
1272 2237 1298 2268 a
1319 2219 1564 2284 spiritibus,
1599 2223 1680 2285 qui
1704 2220 1887 2270 fallaciis
1905 2222 2110 2270 sensuum
2135 2224 2367 2273 inhaerent.

369 2290 546 2337 Verum
571 2285 867 2335 intellefmale
889 2285 970 2343 est,
1006 2286 1134 2351 quod
1172 2301 1310 2334 omne
1349 2285 1523 2335 bonum
1555 2289 1606 2336 δε
1640 2305 1799 2337 verum
1825 2306 1850 2337 a
1873 2290 2097 2346 Domino,
2134 2291 2371 2340 Rationale

368 2357 523 2420 primo
556 2366 830 2418 conceptum
870 2354 1005 2401 etiam
1045 2353 1132 2402 hoc
1173 2370 1267 2403 non
1307 2356 1442 2418 capit,
1478 2356 1585 2419 quia
1616 2354 1747 2403 sentit
1785 2356 1912 2420 quod
1946 2357 2067 2420 quasi
2109 2374 2133 2404 a
2172 2357 2229 2415 se,
2266 2370 2369 2406 tum

369 2433 502 2487 putat
535 2421 567 2469 si
605 2437 701 2469 non
739 2421 916 2468 bonum
938 2421 985 2468 δι
1012 2435 1176 2468 verum
1197 2437 1222 2468 a
1245 2419 1305 2476 se,
1340 2421 1469 2485 quod
1493 2423 1603 2470 nihil
1630 2421 1737 2470 boni
1762 2423 1810 2471 δε
1839 2424 1931 2470 veri
1964 2425 2179 2487 cogitare,
2216 2426 2369 2473 minus

368 2487 511 2536 facere
531 2489 681 2552 possit,
718 2488 767 2536 &
804 2486 838 2533 fi
877 2485 954 2533 ab·
974 2486 1062 2534 alio
1100 2487 1230 2551 quod
1267 2489 1516 2536 remitteret
1546 2488 1606 2546 se,
1642 2489 1692 2538 &
1733 2490 1947 2537 continue
1986 2489 2260 2554 exspe&aret
2301 2493 2370 2539 in—

369 2555 563 2603 fluxum.
631 2554 808 2601 Verum
833 2551 1129 2601 intellectuale
1151 2552 1231 2610 est,
1266 2554 1395 2618 quod
1419 2554 1530 2602 nihil
1555 2555 1635 2603 nisi
1658 2555 1831 2604 bonum
1861 2572 1887 2603 a
1906 2557 2132 2613 Domino,
2169 2558 2219 2605 δε
2242 2559 2370 2620 quod

371 2636 426 2678 ne
449 2620 597 2668 hilum
631 2619 754 2676 mali,
790 2618 1027 2667 Rationale
1050 2621 1203 2683 primo
1237 2633 1511 2685 conceptum
1546 2639 1630 2670 nec
1667 2622 1754 2670 hoc
1788 2622 1948 2679 credit,
1984 2634 2116 2686 putat
2138 2626 2244 2686 quia
2271 2625 2368 2672 Do-

370 2688 525 2734 minus
547 2688 703 2733 omnia
723 2686 771 2732 &
797 2683 971 2747 fingula
994 2687 1126 2748 regit,
1162 2686 1291 2749 quod
1330 2690 1466 2735 etiam
1509 2689 1682 2735 malum
1718 2689 1774 2735 ab
1797 2688 1914 2752 Ipso,
1952 2690 2001 2736 δε
2027 2692 2133 2752 quia
2155 2690 2368 2755 omnipo-

370 2765 468 2800 tens
493 2753 541 2799 &
566 2749 890 2814 omnipraesens
913 2750 962 2797 &
985 2749 1049 2797 est
1072 2751 1219 2814 ipsum
1244 2753 1445 2808 Bonum,
1482 2769 1564 2800 nec
1600 2754 1720 2801 tollit
1758 2755 2014 2817 punitiones
2055 2755 2281 2803 malorum
2321 2759 2369 2805 in

371 2816 564 2875 inferno,
600 2817 728 2880 quod
753 2815 925 2863 malum
952 2831 1100 2879 paenae
1123 2816 1250 2874 velit,
1287 2834 1395 2865 curn
1438 2831 1589 2867 tamen
1625 2835 1717 2867 non
1753 2820 1887 2868 alicui
1925 2821 2097 2868 malum
2124 2820 2249 2879 facit,
2287 2839 2369 2871 nec

370 2884 570 2949 aliquem
593 2882 743 2947 puniri
769 2881 884 2929 vult.
954 2882 1132 2930 Verum
1161 2883 1458 2933 intellectuale
1480 2885 1560 2943 est,
1596 2886 1722 2950 quod
1765 2886 1956 2935 coelestis
1997 2887 2140 2936 homo
2179 2906 2368 2954 percep-

370 2953 545 3000 tionem
584 2949 693 2997 boni
728 2949 778 2996 &
819 2948 914 2996 veri
954 2946 1114 2996 habeat
1153 2965 1178 2997 a
1205 2951 1426 3007 Domino,
1463 2953 1666 3015 primum
1701 2954 1912 3002 rationale
1935 2954 2008 3001 vel
2031 2954 2209 3019 prorsus
2233 2969 2370 3019 negat

370 3015 728 3082 perceptionem,
761 3014 835 3062 vel
859 3026 987 3078 putat
1012 3015 1044 3063 st
1070 3017 1318 3080 perciperet
1339 3017 1395 3065 ab
1419 3018 1507 3066 alio
1529 3019 1578 3066 ὅτ
1604 3036 1695 3067 non
1719 3037 1744 3067 a
1766 3019 1922 3078 semet,
1958 3021 2085 3084 quod
2118 3020 2234 3069 foret
2255 3022 2370 3070 sicut

371 3084 639 3132 inanimatus
669 3080 741 3137 seu
768 3080 936 3129 nullius
957 3081 1096 3130 vitae:
1134 3085 1230 3130 imo
1269 3100 1364 3148 quo
1400 3085 1502 3148 plus
1525 3086 1762 3135 Rationale
1795 3103 1854 3134 ex
1888 3086 2140 3135 scientificis
2164 3088 2368 3135 oriundis

370 3165 431 3198 ex
456 3147 741 3204 sensualibus,
777 3149 826 3195 &
850 3162 945 3211 quo
966 3147 1068 3211 plus
1088 3163 1145 3196 ex
1168 3149 1505 3214 philosophicis,
1541 3155 1730 3217 cogitat,
1765 3170 1820 3201 eo
1853 3155 2004 3200 minus
2029 3154 2104 3200 illa
2127 3156 2174 3201 δι
2198 3154 2367 3215 reliqua

371 3230 479 3263 vera
516 3213 827 3261 intelleftualia
862 3214 998 3278 capit,
1048 3230 1154 3263 nam
1201 3213 1387 3265 fallaciae
1429 3218 1533 3266 inde
1578 3236 1634 3267 eo
1679 3220 1954 3268 craffioribus
1998 3220 2171 3267 umbris
2220 3219 2367 3266 invol-

371 3291 560 3337 vuntur,
596 3278 701 3328 inde
723 3278 787 3328 est
809 3282 937 3344 quod
961 3280 1084 3329 dotti
1110 3282 1261 3331 minus
1285 3299 1425 3348 quam
1457 3285 1531 3332 alii
1556 3286 1752 3336 credant.
1803 3287 1927 3335 Cum
1954 3285 2190 3336 Rationale
2213 3286 2368 3349 primo

1481 3353 1522 3399 C
2257 3368 2364 3400 con·
