2826 3736
457 299 534 344 12
959 250 1998 340 'GENESIAER

521 421 661 471 1994.
696 403 762 455 Et
782 404 878 455 esto
901 405 1091 469 integer,
1126 404 1254 469 quod
1279 402 1502 468 significet
1533 403 1710 451 bonum
1745 404 1992 463 charitatis,
2034 406 2204 456 constat
2238 426 2264 457 a
2285 409 2454 474 fignifi-

453 474 625 522 catione
649 471 837 538 Integri‚
861 472 988 539 quod
1011 472 1067 520 sit
1088 470 1230 519 facere
1253 470 1428 519 bonum
1451 485 1509 517 ex
1531 484 1663 526 vero,
1687 469 1775 517 hoc
1798 469 1877 528 est,
1915 471 2091 520 bonum
2116 475 2165 522 δε
2189 475 2459 525 conscientia

454 541 570 597 veri,
603 542 667 587 ita
685 555 744 587 ex
764 540 994 597 charitate,
1030 553 1135 586 nam
1161 538 1260 585 haec
1283 535 1602 584 conscientiam
1635 534 1760 593 facit,
1796 536 1854 585 de
1882 553 1972 601 qua
2006 537 2103 601 ejus
2135 539 2459 604 significatione

455 606 662 654 videatur
695 621 726 654 n
747 626 758 655 :
777 606 887 655 612.
928 617 972 653 at
995 606 1101 668 quia
1123 602 1182 651 de
1201 603 1428 660 Domino,
1460 602 1508 648 in
1531 599 1655 650 sensu
1679 603 1874 661 interno,
1910 605 2080 668 agitur,
2119 622 2200 670 per
2222 607 2459 671 Integrum

459 670 734 736 significatur
754 672 928 720 bonum
948 670 1189 727 charitatis,
1214 684 1320 716 narn
1340 685 1397 718 ex
1419 668 1631 717 charitate
1646 669 1854 734 procedit
1866 670 2060 730 bonum,
2085 672 2213 731 adeo,
2238 684 2289 720 ut
2313 673 2461 738 ipsum

459 754 639 795 verum,
675 733 802 802 quod
828 738 949 795 inde,
987 736 1040 785 fit
1063 736 1254 784 bonum.

534 819 673 866 1995·
709 803 851 852 Vers:
873 821 916 852 2.
965 805 1029 851 Et
1052 803 1159 852 dabo
1172 800 1469 865 faedus-meum
1492 803 1606 849 inter
1619 804 1699 850 Me
1720 802 1775 852 &³
1798 805 1912 851 inter
1933 814 1992 862 te,
2028 805 2084 855 δέ
2107 805 2394 868 multiplicabo
2420 818 2463 856 te

464 874 507 918 in
531 870 659 918 valde
678 870 817 919 valde.
889 869 1026 919 Dabo
1058 867 1216 916 foedus
1239 868 1397 916 meum
1432 868 1548 915 inter
1572 868 1656 915 Me
1679 868 1730 915 δε
1753 870 1867 916 inter
1889 881 1950 928 te,
1993 870 2213 934 significat
2249 874 2464 921 unionem

463 937 634 986 luterni
658 936 900 995 Hominis,
946 937 1027 999 qui
1052 933 1276 998 Jehovah,
1315 949 1424 982 cum
1458 934 1695 983 Interiori:
1742 934 1793 982 &
1830 935 2144 1000 multiplicabo
2178 950 2226 986 te
2260 939 2309 986 in
2331 940 2465 987 valde

464 1003 612 1060 valde,
647 1002 869 1066 fignificat
886 1001 1281 1051 fructificationem
1305 999 1553 1048 affectionis
1573 1002 1670 1048 veri
1693 1001 1739 1048 in
1764 1000 2011 1050 infinitum.

539 1070 678 1130 ¹996·
714 1069 850 1117 Dabo
871 1067 1027 1117 foedus
1059 1083 1217 1116 meum
1257 1068 1373 1115 inter
1395 1066 1482 1114 Me
1516 1067 1705 1114 &inter
1728 1079 1788 1123 te,
1825 1068 1953 1130 quod
1986 1068 2209 1132 significet
2244 1072 2465 1120 unionem

465 1136 634 1184 interni
659 1136 897 1194 Hominis,
932 1137 1013 1200 qui
1035 1134 1259 1197 Jehovah‚
1294 1148 1403 1181 cum
1427 1133 1651 1189 Interiori,
1685 1132 1858 1181 constat
1890 1150 1946 1181 ex
1969 1134 2293 1198 significatione
2316 1136 2465 1186 foede-

466 1203 544 1259 ris,
568 1201 695 1265 quod
718 1201 772 1251 fit
794 1200 1056 1267 conjunctio
1076 1223 1092 1258 ;
1132 1201 1310 1264 quoties
1337 1199 1462 1246 enim
1486 1196 1642 1246 foedus
1669 1199 1784 1247 inter
1806 1199 2033 1260 Jehovam
2057 1203 2107 1250 &
2129 1202 2382 1261 hominem,
2418 1206 2468 1252 in

466 1268 625 1316 Verbo
647 1281 942 1327 memoratur,
973 1284 1066 1317 non
1100 1267 1223 1315 aliud
1251 1282 1332 1329 per
1354 1262 1509 1312 foedus
1547 1265 1596 1312 in
1629 1263 1753 1313 sensu
1793 1268 1987 1324 interno,
2027 1284 2168 1331 quam
2205 1268 2468 1332 conjunctio

467 1335 662 1383 Domini
698 1351 807 1384 curn
847 1335 1050 1393 homine,
1101 1332 1413 1397 fignificatur;
1465 1329 1641 1379 foedera
1678 1331 1811 1379 toties
1850 1332 1979 1395 pacta
2013 1335 2129 1381 inter
2150 1335 2380 1395 Jehovam
2417 1337 2468 1384 δε

465 1400 665 1464 posteros
687 1402 870 1464 Jacobi,
902 1401 1015 1449 nihil
1039 1400 1165 1448 aliud
1186 1397 1559 1463 repraesentarunt
1578 1419 1594 1454 ·,
1634 1397 1762 1461 quod
1785 1399 1893 1461 quia
1915 1398 2240 1448 confirmatum
2264 1404 2312 1448 in
2331 1402 2467 1449 Parte

459 1468 641 1524 ⁴Prima,
675 1485 706 1516 n
726 1485 737 1516 :
757 1468 868 1531 665.
895 1468 1005 1518 666.
1052 1483 1191 1531 1023.
1234 1469 1373 1530 1038.
1414 1464 1558 1525 1864,
1594 1462 1872 1527 superfluum
1907 1462 2027 1513 foret
2060 1465 2134 1514 hic
2165 1467 2333 1515 iterum
2358 1483 2469 1515 con-

466 1534 664 1582 firmare.
733 1535 940 1584 Internus
961 1535 1131 1583 Homo
1143 1533 1341 1581 Domini
1373 1529 1462 1579 fuit
1479 1530 1702 1592 Jehovah,
1743 1532 1850 1595 quia
1871 1530 1928 1579 ab
1948 1530 2052 1596 Ipso
2075 1545 2320 1597 conceptus
2340 1556 2354 1590 ;
2392 1534 2469 1581 In·

469 1601 608 1648 terior
630 1611 782 1652 autem
804 1599 1144 1665 repraesentatur
1165 1599 1239 1646 hic
1271 1613 1352 1662 per
1368 1597 1650 1653 Abramum‚
1694 1612 1840 1660 quare
1852 1594 2008 1646 foedus
2032 1600 2148 1646 inter
2170 1600 2256 1647 Me
2280 1601 2330 1648 ὅτ
2354 1601 2470 1647 inter

471 1678 535 1723 te,
576 1666 800 1730 fignificat
821 1670 1042 1716 unionem
1062 1665 1232 1715 Interni
1253 1664 1494 1723 Hominis,
1530 1663 1604 1713 seu
1627 1662 1838 1726 Jehovae,
1873 1679 1983 1714 curn
2007 1665 2230 1725 Interiori,
2265 1667 2326 1716 ita
2359 1682 2470 1716 cum

472 1733 698 1783 Humana
716 1734 911 1783 Domini
927 1734 1137 1783 Effentia.
2122 1755 2129 1761 ¹

545 1813 692 1862 1997..
725 1799 1054 1864 Multiplicabo
1084 1813 1129 1849 te
1153 1800 1200 1847 in
1221 1799 1353 1849 valde
1374 1798 1525 1856 valde,
1559 1798 1689 1863 quod
1721 1798 1943 1862 significet
1976 1797 2372 1850 fructificationem
2405 1799 2472 1849 af-

472 1863 678 1914 fectionis
699 1868 795 1913 veri
819 1868 866 1914 in
889 1866 1150 1926 infinitum,
1178 1865 1380 1915 constare
1399 1864 1548 1930 potest
1582 1882 1609 1913 a
1638 1865 1963 1930 fignificatione
1986 1866 2306 1931 Multiplicari‚
2343 1867 2476 1932 quod

470 1932 746 1996 praedicetur
767 1932 824 1981 de
846 1949 974 1991 vero,
1011 1932 1070 1981 de
1091 1949 1182 1996 qua
1213 1949 1275 1982 n:
1294 1950 1376 1994 43.
1414 1949 1492 1996 55.
1522 1947 1635 1995 913.
1661 1937 1754 1996 983
1778 1954 1794 1989 ς
1835 1933 1886 1981 ὅτ
1909 1933 2016 1998 quia
2038 1932 2096 1981 de
2122 1935 2345 1991 Domin0,
2378 1934 2470 1998 fig-

472 1998 627 2046 nificat
659 1997 1057 2048 frufflficationem
1077 1999 1191 2049 Veri
1221 2015 1279 2048 ex
1312 2000 1446 2047 Bono
1479 1999 1526 2046 in
1562 1998 1817 2056 infinitum,
1862 1999 1921 2047 de
1958 2015 2049 2064 qua
2081 2000 2221 2064 prius·
2242 2017 2304 2049 n:
2329 2015 2473 2062 1940.

475 2065 592 2112 Sunt
613 2064 736 2113 binae
758 2065 1057 2125 Affefflones,
1102 2082 1269 2130 nempe
1307 2064 1488 2113 affefflo
1510 2065 1636 2122 boni,
1673 2065 1724 2113 &
1765 2065 1943 2114 affeffio
1964 2066 2094 2121 veri3
2130 2065 2334 2115 Affectio
2363 2066 2475 2114 boni

474 2129 538 2179 est
576 2129 722 2179 facere
754 2131 930 2180 bonum
967 2149 1024 2180 ex
1061 2149 1215 2182 amore
1253 2132 1380 2190 boni,
1422 2130 1624 2180 Affec'tio
1645 2132 1743 2179 veri
1766 2131 1830 2180 est
1849 2130 1990 2180 facere
2020 2131 2196 2180 bonum
2229 2148 2287 2180 ex
2319 2148 2475 2181 amore

476 2198 607 2253 veri3
646 2197 718 2245 hae
744 2197 865 2247 binae
887 2198 1171 2247 Affectiones
1205 2209 1420 2262 apparent
1453 2199 1609 2261 primo
1642 2199 1811 2246 intuitu
1848 2198 1961 2246 ficut
1994 2196 2143 2246 forent
2165 2198 2357 2257 eaedem,
2397 2197 2476 2248 sed

478 2263 581 2311 sunt
617 2265 663 2311 in
687 2263 730 2312 se
751 2264 991 2325 distin-fiae,
1015 2277 1111 2312 tarn
1130 2264 1282 2328 quoad
1314 2263 1558 2320 effentia'm,
1593 2278 1734 2326 quarn
1771 2263 1923 2326 quoad
1964 2265 2224 2327 originem;
2271 2264 2480 2313 Affectio

479 2329 589 2377 boni
622 2329 694 2377 seu
728 2328 869 2379 facere
907 2331 1084 2379 bonum
1119 2347 1176 2379 ex
1211 2345 1365 2379 amore
1404 2329 1530 2386 boni,
1567 2328 1633 2375 est
1664 2331 1847 2393 proprie
1872 2329 2136 2387 voluntatiS‚
2173 2330 2249 2377 sed
2273 2329 2481 2379 Affectio

480 2397 575 2443 veri
598 2395 672 2444 seu
695 2395 839 2444 facere
863 2396 1038 2445 bonum
1062 2413 1116 2444 ex
1150 2412 1303 2444 amore
1325 2396 1420 2443 veri
1444 2395 1509 2443 est
1529 2397 1714 2458 proprie
1738 2394 1988 2442 intellectus
2009 2417 2023 2451 ;
2067 2396 2128 2444 ita
2151 2395 2272 2444 binae
2294 2395 2367 2443 hae
2384 2395 2475 2444 Af-

479 2460 694 2510 sectiones
730 2464 848 2510 inter
882 2462 924 2511 se
957 2462 1179 2511 distinetae
1203 2462 1321 2518 sunt,
1356 2462 1471 2510 ficut
1492 2461 1702 2508 voluntas
1735 2461 1786 2509 &
1810 2461 2089 2510 intellectus:
2131 2461 2334 2510 Affectio
2367 2462 2478 2511 boni

481 2528 544 2576 est
561 2545 618 2576 ex
650 2545 803 2576 amore
826 2529 1015 2587 coelesti,
1050 2528 1345 2578 sedrAffefflo
1365 2529 1461 2575 veri
1492 2528 1556 2575 est
1578 2543 1635 2574 ex
1666 2543 1820 2575 amore
1852 2527 2101 2591 spirituali3
2143 2527 2345 2577 Affeffio
2369 2528 2480 2577 boni

485 2611 578 2643 non
604 2595 836 2658 praedicari
862 2595 1008 2659 potest
1044 2595 1126 2643 nifi
1159 2595 1216 2643 de
1256 2594 1441 2642 homine
1480 2593 1667 2650 coelesti,
1715 2592 1790 2640 sed
1823 2593 2027 2642 Affectio
2065 2595 2162 2642 veri
2199 2595 2257 2642 de
2293 2595 2483 2643 homine

482 2660 735 2724 spirituali3
782 2662 897 2725 quid
931 2661 1109 2710 coeleste
1144 2662 1194 2709 &
1217 2660 1361 2709 homo
1396 2658 1606 2716 coelestiS,
1645 2660 1696 2708 ὅτ.
1725 2660 1838 2723 quid
1872 2660 2096 2725 spirituale
2128 2660 2201 2708 seu
2225 2660 2369 2709 homo
2391 2660 2479 2725 spi-

446 2771 448 2773 .
483 2728 652 2775 ritualis
684 2729 732 2775 in
757 2729 888 2776 Parte
910 2729 1065 2776 Prima
1100 2727 1198 2775 satis
1231 2725 1458 2775 ostensum
1495 2725 1573 2774 est.
1643 2728 1969 2790 Antiquiffima
2005 2727 2222 2784 Ecclesia,
2254 2743 2362 2790 quae
2390 2725 2480 2775 fuit

486 2806 587 2841 ante
622 2794 870 2851 diluvium,
897 2807 989 2841 erat
1021 2795 1067 2841 in
1103 2793 1338 2841 affectione
1362 2793 1489 2850 boni,
1537 2792 1612 2840 sed
1635 2793 1844 2856 Antiqua
1868 2793 2081 2850 Ecclesia,
2105 2807 2212 2855 quae
2236 2791 2336 2856 post
2357 2791 2478 2840 dilu-

488 2861 637 2916 vium,
679 2872 770 2907 erat
803 2862 850 2907 in
890 2860 1122 2908 affectione
1145 2862 1276 2915 veri;
1324 2859 1399 2907 illa
1431 2860 1554 2907 enim
1578 2871 1686 2914 erat,
1723 2858 1922 2906 Ecclesia
1942 2857 2168 2914 eoelestis,
2205 2858 2305 2906 haec
2329 2871 2481 2907 autem

489 2925 687 2973 Ecclesia
709 2925 979 2989 spiritualis·‚
1017 2942 1175 2973 omnes
1199 2926 1371 2988 Angeli
1410 2926 1458 2972 in
1481 2926 1610 2973 coelis
1642 2925 1746 2971 sunt
1782 2922 1978 2970 distinffl
2017 2924 2064 2970 in
2085 2922 2286 2972 coelestes
2318 2924 2367 2972 ὅτ.
2393 2924 2481 2989 spi-

489 2992 683 3049 rituales,
722 2991 867 3039 coelest
876 3009 922 3039 es
945 2991 1046 3039 sunt
1066 2992 1147 3056 qui
1171 2992 1217 3038 in
1239 2991 1474 3039 affectione
1497 2991 1622 3047 boni,
1657 2989 1901 3053 spirituales
1914 2990 2003 3053 qui
2025 2990 2074 3037 in
2095 2989 2328 3038 affectione
2351 2993 2448 3039 veri
2465 3013 2482 3048 3
2505 3028 2511 3037 .

488 3059 580 3126 illis
614 3070 795 3122 apparet
816 3059 1048 3105 Dominus
1084 3071 1136 3106 ut
1173 3058 1270 3115 Sol,
1309 3058 1378 3106 his
1416 3069 1567 3104 autem
1607 3067 1661 3102 ut
1683 3055 1832 3113 Luna,
1868 3072 1948 3104 .n:
1981 3070 2119 3118 1529.
2168 3073 2306 3121 1530.
2339 3073 2482 3121 ¹53¹·

498 3129 552 3174 18
561 3130 649 3188 38:
698 3123 830 3180 hanc,
871 3123 943 3172 seu
966 3123 1249 3172 affectionem
1273 3125 1369 3172 veri
1390 3124 1624 3171 Dominus
1657 3124 1809 3170 univit
1841 3121 2065 3170 affectioni
2104 3122 2230 3179 boni,
2275 3138 2382 3186 quae
2418 3123 2483 3170 est

492 3187 636 3240 facere
675 3189 850 3240 bonum
884 3206 939 3240 ex
970 3206 1121 3239 amore
1165 3191 1291 3247 boni,
1332 3204 1439 3238 cum
1480 3190 1752 3238 Humanam
1791 3188 2038 3238 Effentiam
2075 3190 2225 3239 univit
2262 3189 2481 3239 Divinae:

2377 3254 2481 3304 inde
