2788 3744
586 294 944 361 CAPUT
999 285 2119 363 DECIMUM‘ocTAVUM.
2293 321 2376 387 55

364 428 559 484 Domini
585 431 920 490 Misericordia,
957 431 1004 481 in
1042 431 1325 498 sequentibus
1364 431 1555 480 dicetur.
1627 431 1682 480 In
1720 430 1879 479 Verbo
1924 433 2081 495 paffim
2128 434 2279 496 agitur
2322 433 2381 481 de

365 499 737 558 Consumatione,
774 501 824 548 δε
848 498 1114 548 describitur
1138 499 1291 559 status,
1326 501 1410 565 qui
1431 499 1671 564 praecedit,
1709 515 1791 564 per
1812 498 2110 547 vastationem
2136 501 2184 548 &
2210 498 2378 548 desola-

364 567 554 626 tionem,
590 583 730 632 quam
754 566 955 632 sequitur
977 566 1203 615 Vifitatio.
2315 569 2320 572 ’

431 651 575 696 2244.
612 632 751 683 Vers:
781 651 858 684 22.
892 635 959 682 Et
985 636 1292 698 prospexerunt
1331 634 1428 684 inde
1450 636 1564 691 Viri,
1600 633 1855 684 &iverunt
1879 633 2027 697 verfias
2050 633 2284 690 Sodomam,
2321 633 2377 682 ὃ

362 700 589 749 Abraham
627 702 766 749 adhuc
801 700 872 748 ille
892 700 1018 760 stans
1051 717 1192 749 coram
1213 701 1434 766 Jehovah.
1506 700 1839 766 Prospexerunt
1863 700 1971 748 inde
1993 700 2115 757 Viri,
2151 698 2377 764 fignificat

364 769 686 831 cogitationem
711 769 906 816 Domini
929 783 986 815 ex
1008 768 1214 817 Divino:
1252 769 1303 817 &
1342 770 1523 817 iverunt
1562 768 1715 816 versus
1748 766 2018 824 Sodomam,
2055 767 2279 832 fignificat
2319 766 2377 813 de

361 833 563 882 humano
586 850 766 898 genere,
800 833 928 899 quod
953 835 1000 882 in
1024 848 1151 883 tanto
1175 835 1298 883 malo
1318 855 1329 884 :
1368 836 1679 896 &-Abraham
1700 834 1849 883 adhuc
1874 834 1948 881 ille
1979 835 2094 882 stans
2119 849 2272 883 coram
2297 834 2374 896 Je-

360 900 528 958 hovah,
563 901 786 965 fignificat
809 902 1140 966 cogitationem
1152 904 1347 951 Domini
1371 919 1429 950 ex
1451 904 1654 958 humano
1676 901 1806 967 quod
1831 899 2117 966 adjunffitum,
2155 901 2299 949 modo
2322 911 2375 947 ut

362 967 495 1032 supra
515 967 709 1016 dietum.
1222 987 1226 990 ·
1610 1011 1615 1018 .

431 1051 575 1098 2245.
612 1034 947 1099 Prospexerunt
986 1035 1091 1082 inde
1127 1036 1249 1092 Viri,
1284 1035 1414 1099 quod
1453 1034 1677 1098 fignificet
1718 1036 2044 1099 cogitationem
2082 1034 2276 1085 Domini
2316 1048 2375 1080 ex

360 1100 553 1158 Divino,
590 1101 762 1150 constat
796 1118 856 1150 ex
894 1101 1223 1166 significatione
1255 1102 1526 1167 prospicere,
1562 1102 1692 1167 quod
1716 1103 1771 1150 s1t
1807 1105 2023 1166 cogitare,
2059 1103 2215 1151 videre
2247 1101 2373 1147 enim

362 1169 408 1214 in
442 1167 565 1216 sensu
589 1170 783 1226 interno,
819 1169 935 1216 ficut
973 1169 1021 1216 in
1058 1170 1299 1218 communi
1339 1170 1572 1228 sermonis,
1607 1168 1671 1217 est
1703 1169 1969 1232 intelligere,
2005 1169 2069 1217 est
2091 1171 2216 1218 enim
2241 1164 2373 1215 intel-

361 1233 503 1282 lectus
542 1234 662 1283 visus
703 1237 943 1293 internus;
987 1237 1048 1284 ita
1087 1235 1340 1301 prospicere
1375 1235 1440 1284 est
1475 1238 1693 1300 cogitare,
1745 1236 1874 1300 quod
1915 1236 1980 1283 est
2018 1235 2161 1294 visus,
2208 1235 2371 1282 interni

358 1299 434 1348 seu
474 1301 752 1350 intellectus:
793 1315 897 1360 turn
935 1319 993 1351 ex
1032 1302 1360 1368 significatione
1381 1303 1622 1363 Virorum,
1658 1303 1786 1368 quod
1820 1302 1874 1350 fit
1897 1303 2161 1351 Divinum:
2198 1302 2243 1350 in
2282 1301 2370 1349 hoc

357 1368 520 1432 Capite
556 1371 715 1432 paffim
746 1370 866 1427 Viri,
902 1371 1060 1434 paffim
1097 1386 1184 1435 pro
1215 1371 1339 1419 Viris
1375 1370 1583 1431 Jehovah
1630 1371 1907 1427 nominatur,
1944 1385 2055 1418 cum
2076 1371 2196 1428 Viri,
2233 1369 2370 1432 figni-

359 1433 520 1483 ficatur
547 1437 768 1494 Trinum,
821 1452 987 1501 nempe
1023 1437 1253 1485 Divinum
1293 1436 1467 1502 Ipsum,
1517 1439 1745 1486 Divinum
1783 1437 2081 1495 Humanum,
2118 1439 2170 1485 ὅτ
2199 1437 2369 1484 Proce-

357 1500 503 1557 dens;
539 1503 774 1566 Cogitatio
796 1504 991 1552 Domini
1031 1519 1090 1551 ex
1129 1504 1218 1552 hoc
1241 1505 1423 1552 Divino
1455 1505 1733 1568 significatur
1765 1519 1848 1568 per
1886 1505 2014 1567 quod
2038 1503 2369 1568 prospexerunt

356 1566 460 1615 inde
481 1569 616 1619 Viri:
653 1571 870 1635 cogitatio
907 1569 997 1622 fuit
1034 1586 1092 1618 ex
1127 1571 1356 1619 Humano
1389 1570 1635 1636 eonjunEto
1670 1587 1781 1619 cum
1804 1571 2000 1628 Divino,
2038 1572 2096 1618 de
2123 1587 2215 1635 qua
2258 1586 2368 1617 con-

347 1632 582 1698 junCtione
622 1636 670 1684 in
710 1638 938 1702 principio
973 1635 1108 1702 hujus
1149 1638 1324 1703 Capitis
1362 1639 1533 1696 astum,
1579 1650 1624 1686 at
1647 1638 1888 1702 Perceptio
1924 1653 1981 1684 ex
2020 1654 2112 1702 qua
2146 1637 2368 1702 cogitatio

353 1699 442 1749 fuit
463 1718 522 1749 ex
543 1703 736 1761 Divino,
773 1721 909 1768 quare
933 1703 1102 1753 dicitur
1126 1721 1255 1763 mox,
1282 1707 1328 1753 in
1353 1705 1518 1753 eodem
1543 1706 1631 1754 hoc
1648 1704 1810 1762 Versu,
1846 1703 2071 1767 Jehovah,
2108 1705 2235 1770 quod
2243 1704 2370 1765 stans

353 1768 424 1815 ille
454 1785 594 1817 coram
616 1771 856 1834 Jehovah3
893 1778 1094 1836 cumque
1121 1773 1400 1820 Humanum
1430 1770 1730 1837 conjunctum
1753 1771 1930 1820 Divino
1969 1773 2108 1820 etiam
2149 1770 2238 1819 fuit
2277 1787 2367 1819 una

356 1834 624 1884 Procedens.
1237 1833 1242 1841 ’

425 1904 566 1963 2246.
605 1903 790 1950 Iverunt
811 1903 962 1951 versus
986 1903 1259 1963 Sodomam,
1294 1905 1422 1970 quod
1448 1904 1668 1969 fignificet
1700 1904 1956 1953 humanum
1997 1920 2142 1969 genus
2166 1903 2293 1969 quod
2318 1904 2365 1951 in
2412 1933 2414 1935 -

354 1978 482 2016 tanto
514 1969 653 2026 malo,
689 1969 861 2019 constat
884 1987 909 2019 a
933 1971 1260 2036 significatione
1281 1973 1518 2030 Sodomae,
1554 1971 1682 2036 quod
1715 1971 1769 2019 fit
1805 1972 1981 2020 malum
2013 1988 2069 2020 ex
2103 1987 2255 2020 amore
2279 1970 2363 2028 sui,

354 2034 414 2082 de
445 2051 535 2100 qua
554 2035 687 2100 supra
710 2053 771 2085 n:
801 2055 947 2096 2220,
985 2040 1035 2087 &
1073 2037 1326 2104 prospicere
1359 2040 1417 2087 ad
1458 2037 1591 2087 facies
1616 2038 1854 2097 Sodomae,
1888 2039 2018 2104 quod
2043 2039 2096 2088 lit
2119 2039 2176 2087 ad
2198 2038 2366 2086 statum

351 2103 531 2165 generis
559 2103 768 2161 humani,
805 2121 865 2152 n:
896 2123 1057 2171 2219:
1092 2106 1220 2170 quod
1244 2106 1449 2154 Sodoma
1487 2105 1712 2170 significet
1748 2105 1914 2154 statum
1958 2106 2145 2154 humani
2185 2108 2363 2170 generis

354 2168 481 2230 quod
520 2170 566 2216 in
611 2182 738 2218 tanto
773 2170 910 2230 malo,
948 2173 1052 2220 inde
1088 2173 1169 2230 est,
1206 2175 1429 2238 quia-per
1452 2173 1705 2240 Sodomam
1730 2189 1821 2222 non
1844 2173 2115 2238 intelligitur
2139 2173 2361 2230 Sodoma,

352 2235 427 2283 sed
449 2252 608 2285 omnes
633 2238 706 2285 illiv
734 2239 781 2286 in
812 2238 1020 2287 universo
1051 2251 1271 2288 terrarum
1309 2240 1436 2298 orbe,
1471 2241 1553 2305 qui
1577 2239 1750 2288 suntin
1774 2257 1927 2288 amore
1962 2240 2044 2299 sui,
2082 2242 2130 2289 ὅτ,
2164 2257 2246 2305 per
2280 2240 2360 2287 de-

351 2303 646 2368 scriptionem
664 2305 884 2354 Sodomae
917 2306 1258 2371 repraesentatur
1294 2307 1431 2356 status
1467 2309 1681 2356 omnium
1714 2309 1795 2372 qui
1819 2308 1865 2355 in
1890 2307 1970 2355 illo
1993 2307 2116 2356 malo
2151 2308 2270 2364 sunt,
2306 2319 2391 2354 ut·

350 2387 374 2418 a
396 2368 681 2434 sequentibus
718 2372 918 2420 constare
955 2373 1131 2438 potest:
1167 2374 1295 2439 quod
1326 2379 1458 2423 amo'r
1480 2373 1624 2423 fuisit
1645 2376 1861 2422 omnium
1886 2374 2116 2424 malorum
2139 2372 2259 2431 fons,
2297 2376 2362 2421 ita

350 2435 497 2499 ipsum
523 2437 715 2496 malum,
752 2439 924 2488 constat
963 2440 1020 2488 ab
1059 2442 1112 2489 iis
1146 2458 1268 2506 quae·
1287 2441 1344 2490 de
1368 2442 1449 2490 illo
1471 2443 1597 2507 prius
1621 2459 1682 2490 n:
1711 2458 1856 2505 2045.
1884 2457 2028 2508 2057.
2058 2460 2203 2509 2219,
2240 2440 2362 2489 dista

349 2504 398 2552 δε
424 2501 592 2553 ostensa
612 2503 714 2554 sunt
735 2529 749 2562 ;
785 2522 921 2570 quare
947 2507 1018 2556 hic
1042 2507 1211 2556 dicitur
1233 2509 1361 2573 quod
1392 2511 1440 2557 in
1463 2521 1591 2558 tanto
1615 2509 1751 2557 malo.

419 2585 561 2634 2247.
599 2571 836 2620 Abraham
876 2573 1024 2621 adhuc
1057 2575 1131 2622 ille
1162 2574 1279 2623 stans
1312 2590 1468 2624 coram
1490 2575 1717 2638 Jehovah,
1740 2571 1880 2639 'quod
1920 2575 2145 2639 significet
2182 2575 2354 2638 cogita·

349 2637 524 2684 tionem
547 2637 741 2683 Domini
767 2652 829 2684 -ex
853 2638 1097 2696 Humano,
1133 2640 1262 2703 quod
1287 2639 1566 2704 ·adjun6tum
1604 2641 1749 2688 modo
1789 2652 1841 2688 ut
1870 2641 2067 2698 diestum,
2104 2640 2274 2688 constat
2297 2653 2355 2687 ex

350 2699 736 2767 repraesentatione
759 2702 1009 2751 Abrahami
1046 2706 1094 2751 in
1134 2705 1222 2752 hoc
1246 2706 1428 2769 Capite,
1464 2705 1593 2770 quod
1633 2705 1686 2752 fit
1707 2706 1940 2753 Dominus
1977 2706 2131 2770 quoad
2167 2708 2356 2756 Huma-

349 2786 499 2826 num3
537 2769 587 2816 &
622 2770 748 2833 quod
788 2765 955 2818 steterit
991 2786 1148 2818 coram
1180 2770 1405 2832 Jehovah,
1454 2772 1560 2819 inde
1598 2770 1799 2835 sequitur
1835 2771 2001 2836 absque
2037 2774 2353 2838 explicatione,

348 2836 477 2901 quod
509 2834 661 2884 fuerit·
687 2838 908 2900 cogitatio
947 2852 1004 2885 ex
1025 2837 1252 2885 Humano
1289 2838 1418 2902 quod
1456 2835 1744 2903 adjunEkum,
1781 2838 1925 2887 modo
1960 2856 2058 2905 quo
2096 2840 2272 2890 distum
2306 2844 2356 2890 in

345 2903 573 2968 principio
597 2901 731 2968 hujus
755 2905 946 2968 CapitiS,
988 2917 1091 2951 tum
1128 2903 1258 2968 supra
1280 2922 1338 2952 n:
1366 2921 1510 2968 2045.

413 2975 557 3032 2248.
594 2970 737 3019 Vers:
765 2988 790 3020 2
798 2989 842 3035 3.
894 2971 960 3018 Et
1001 2970 1158 3032 accfft
1184 2972 1428 3029 Abraham,
1464 2971 1520 3021 Β
1543 2971 1674 3031 dixit,
1710 2988 1808 3021 num
1846 2975 1975 3022 etiam
2012 2974 2165 3023 delebis
2187 2977 2357 3041 justum

310 3043 314 3046 '
347 3053 438 3084 cum
459 3040 601 3098 impio.
673 3039 872 3086 Acceffit
897 3038 1151 3094 Abraham,
1188 3040 1237 3087 δε
1280 3039 1413 3094 dixit,
1450 3037 1673 3101 fignificat
1711 3040 2040 3103 cogitationem
2065 3042 2262 3090 Domini
2294 3059 2352 3090 ex

344 3104 572 3151 Humano
594 3119 702 3167 quae
723 3105 912 3168 propius
945 3102 1155 3170 adjunxit
1179 3104 1219 3153 se
1242 3106 1446 3154 Divino:
1484 3120 1598 3153 num
1639 3107 1776 3153 etiam
1817 3106 1988 3155 delebis
2018 3106 2195 3172 justum
2239 3125 2349 3157 cum

345 3170 508 3232 impio,
545 3169 764 3234 fignificat
788 3171 995 3220 dolorem
1020 3173 1215 3221 Domini
1235 3189 1292 3221 ex
1315 3188 1468 3221 amore
1501 3187 1608 3236 erga
1645 3187 1789 3237 genus
1830 3174 2102 3232 humanum,
2140 3177 2188 3224 δε
2214 3176 2348 3222 inter-

344 3238 602 3293 ceffionem,
638 3238 765 3301 quod
789 3237 927 3303 usque
951 3239 1127 3288 bonum
1152 3240 1205 3287 fit
1228 3238 1513 3305 adjunEtum,
1549 3239 1721 3288 tametsi
1747 3239 1935 3289 malum.

2203 3323 2347 3372 2249.
