2826 3736
521 206 604 289 38
828 180 1088 296 [G
1180 194 2002 266 EAWESJS.

518 342 555 366 “
587 338 799 387 omnium
821 338 868 386 in
892 353 1032 395 eum;
1058 339 1108 387 δε
1133 348 1290 387 contra
1312 336 1446 387 facies
1470 338 1685 385 omniurn
1710 332 1900 384 fratrum
1924 334 2107 396 suorum
2132 333 2352 383 habitabit
2369 336 2432 394 ”;
2468 337 2526 386 de

518 405 687 470 quibus
712 408 758 454 in
781 406 1083 470 'explicatione
1107 405 1295 453 istorum
1312 404 1567 458 versuum
1604 401 1699 465 ejus
1722 402 1852 464 quale
1887 402 1951 449 ibi
1972 401 2254 450 describitur.

592 474 731 536 1962.
769 472 910 520 Vers:
939 477 1010 520 16.
1049 472 1118 520 Et
1142 474 1307 521 Abram
1335 472 1452 530 filius
1487 472 1699 531 octoginta
1722 484 1927 516 annorum
1944 469 2004 518 ’ἐξ
2017 470 2097 530 sex
2121 485 2343 526 annorum,
2379 473 2425 518 in
2445 483 2524 532 pa-

517 540 660 587 riendo
683 541 843 603 Hagar
865 540 1172 604 Jischmaelem.
1244 538 1420 586 Abram
1447 537 1566 584 filius
1590 535 1824 598 ostoginta
1844 536 1892 583 δε
1916 534 1990 582 sex
2018 551 2260 591 annorum,
2301 536 2526 599 fignificat

519 603 685 653 statum
709 607 901 653 Domini
941 606 1093 669 quoad
1134 604 1333 652 coelestia
1366 603 1584 667 acquisita
1618 601 1735 649 bona
1767 619 1846 666 per
1881 618 2056 666 pugnas
2088 603 2424 653 tentationum:
2476 607 2525 652 in

517 672 734 735 pariendo
767 674 926 736 Hagar
955 671 1292 734 Jischmaelem,
1325 670 1548 735 fignificat
1583 685 1694 717 cum
1717 670 1811 717 vita
1842 669 2090 718 affeffionis
2129 668 2414 718 scientiarum
2444 686 2524 734 pe-

519 740 637 802 perit
655 739 904 786 Rationale.
1831 736 1833 739 ’
2117 792 2121 793 ⁷

596 806 685 870 196
690 823 733 867 3.
771 805 949 853 Abram
989 805 1108 853 filius
1148 805 1380 868 o&oginta
1418 818 1639 857 annorum
1672 802 1723 850 δε
1760 801 1835 851 sex
1862 803 2277 866 ‘'annorum„quod
2299 802 2524 866 significet

518 870 684 918 statum
708 873 898 922 Domini
924 873 1073 936 quoad
1098 871 1296 920 coelestia
1318 870 1530 935 acquisita
1553 869 1670 916 bona
1691 883 1773 932 per
1794 885 1971 933 pugnas
1992 870 2315 925 tentationum,
2351 869 2525 918 constat

518 953 544 984 a
566 937 888 1001 significatione
922 940 1170 1003 oetoginta,
1208 939 1289 1003 qui
1313 953 1528 986 numerus
1545 934 1701 983 *simile
1739 935 1935 983 involvit
1971 950 2023 982 ac
2057 935 2377 999 quadraginta,
2414 952 2523 1000 quae

518 1004 647 1067 quod
669 1005 921 1069 significent
944 1007 1228 1062 tentationes,
1269 1003 1494 1052 ostensum
1517 1002 1580 1050 est
1602 1002 1745 1065 prius,
1786 1019 1816 1049 n
1832 1021 1848 1057 ,ε
1872 1011 1981 1067 730.
2011 1001 2103 1051 862
2120 1023 2140 1057 ¹;
2176 1002 2227 1050 &
2249 1018 2276 1049 a
2296 1001 2521 1066 fignifica-

519 1072 641 1118 tione
663 1073 768 1129 Sex,
804 1073 930 1136 quod
954 1073 1007 1120 fit
1032 1089 1202 1137 pugna,
1229 1071 1286 1119 de
1309 1088 1397 1135 qua
1420 1073 1554 1119 etiam
1580 1071 1720 1132 priuS,
1756 1084 1787 1116 n
1807 1087 1819 1116 ι
1841 1084 1949 1133 720.
1978 1083 2088 1133 737.
2115 1083 2242 1130 900³
2277 1079 2382 1116 tum
2404 1084 2522 1133 quo-

518 1152 608 1200 que
640 1155 665 1185 a
687 1138 1011 1203 significatione
1033 1141 1226 1196 Decem,
1261 1138 1391 1202 quod
1428 1137 1515 1195 sint
1546 1135 1792 1199 Reliquiae,
1830 1135 1888 1183 de
1917 1150 2009 1198 qua
2044 1150 2106 1184 n:
2129 1136 2261 1198 5763
2296 1136 2520 1200 quae.Re-

518 1202 676 1267 liquiae
710 1206 833 1269 apud
870 1208 1130 1255 Dominum
1168 1204 1351 1253 fuerunt
1393 1202 1703 1268 acquisitiones
1750 1201 2003 1250 coelestium
2054 1200 2303 1258 bonorum,
2352 1201 2520 1266 quibus
2549 1206 2553 1210 ”

519 1272 670 1318 univit
698 1273 974 1321 Humanam
997 1274 1243 1321 Effentiam
1267 1273 1471 1328 Divinae,
1508 1287 1570 1317 n:
1598 1269 1721 1331 1906
1745 1267 1803 1315 ad
1826 1267 1906 1315 fin.
1944 1284 2004 1314 ex
2040 1266 2109 1321 his
2144 1268 2289 1316 tribus
2318 1271 2520 1328 numeris

517 1338 796 1401 compositus
834 1340 898 1387 est
937 1355 1152 1388 numerus
1176 1340 1429 1404 Octoginta
1464 1337 1516 1385 δε
1555 1335 1649 1392 sex,
1690 1335 1772 1398 qui
1807 1333 1910 1382 talia
1947 1333 2166 1391 involvit,
2205 1335 2268 1382 ita
2297 1333 2521 1398 significat

516 1401 683 1451 statum
706 1407 901 1453 Domini
924 1407 1075 1470 quoad
1099 1405 1296 1455 coelestia
1318 1404 1530 1469 acquifita
1553 1402 1671 1450 bona
1691 1417 1771 1466 per
1792 1417 1969 1465 pugnas
1993 1401 2325 1466 tentationum:
2361 1416 2522 1449 omnes

516 1471 639 1518 enirn
662 1473 840 1519 numeri
872 1474 919 1520 in
936 1472 1093 1528 Verbo
1116 1473 1371 1537 significant
1404 1487 1489 1527 res,
1525 1480 1578 1517 ut
1600 1467 1825 1517 ostensum
1865 1469 1993 1532 prius
2033 1469 2227 1528 n:482.
2252 1470 2366 1531 487.
2406 1483 2516 1532 575.

517 1536 628 1600 647.
658 1538 767 1598 648.
799 1554 908 1602 755.
940 1544 1046 1604 813.
1117 1541 1217 1587 Hic
1239 1542 1346 1604 quia
1367 1538 1567 1586 Numeri
1599 1550 1822 1583 annorum
1853 1534 1972 1592 sunt,
2012 1534 2064 1582 &
2087 1533 2278 1597 quidem
2313 1533 2522 1583 historice

516 1604 738 1652 nominati
763 1605 820 1652 de
844 1605 1039 1663 Abram,
1075 1618 1258 1670 apparet
1292 1606 1406 1654 ficut
1442 1602 1570 1669 quod
1593 1619 1687 1651 non
1709 1601 1996 1667 significativi
2019 1600 2179 1648 talium
2214 1598 2401 1656 forent;
2442 1599 2520 1648 sed

517 1669 565 1716 in
589 1670 745 1719 Verbo
780 1671 891 1720 nihil
931 1672 1148 1737 scriptum
1185 1673 1264 1730 est,
1299 1672 1425 1738 quod
1451 1687 1544 1719 non
1583 1671 1630 1718 in
1671 1668 1945 1733 spiritualem
1977 1667 2030 1716 ὅτ
2069 1666 2302 1715 coelestem
2341 1665 2516 1715 sensum

517 1735 704 1785 transeat
727 1739 842 1785 dum
867 1740 924 1787 ad
948 1741 1171 1805 Angelos,
1198 1740 1369 1803 Angeli
1392 1740 1514 1786 enim
1537 1754 1630 1785 non
1652 1738 1699 1783 in
1724 1735 1818 1784 aliis
1841 1751 1981 1800 quam
2003 1732 2308 1799 spiritualibus
2341 1734 2391 1782 ὅτ,
2415 1749 2516 1781 coe-

517 1801 698 1851 lestibus
722 1805 832 1852 ideis
857 1806 975 1863 sunt,
1017 1809 1066 1864 ii,
1103 1807 1216 1854 dum
1242 1806 1409 1869 legitur
1431 1804 1641 1852 Verbum
1665 1802 1721 1850 ab
1744 1802 1948 1859 homine,
1978 1817 2076 1849 non
2099 1799 2245 1848 sciunt
2265 1816 2348 1848 nec
2371 1800 2516 1863 perci-

514 1870 649 1932 piunt
671 1870 783 1934 quid
808 1873 1040 1937 octoginta
1071 1874 1121 1921 &
1145 1873 1235 1930 sex,
1271 1889 1352 1920 nec
1386 1883 1545 1919 curant
1569 1885 1660 1934 qua
1683 1880 1815 1916 aetate
1838 1866 1928 1915 fuit
1940 1867 2123 1916 Abram
2146 1882 2256 1914 cum
2279 1866 2445 1930 Hagar
2475 1867 2517 1915 ei

515 1937 691 1998 peperit
712 1936 960 1996 Ismaelem,
994 1938 1068 1987 sed
1093 1956 1151 1987 ex
1177 1956 1369 1987 numero
1391 1939 1469 1988 tali
1493 1938 1627 1994 letto,
1652 1935 1775 1983 illico
1796 1934 2049 1983 obveniunt
2068 1932 2171 1990 illis,
2205 1947 2313 1997 quae
2337 1932 2516 1982 numeri

515 2001 790 2058 involvunt;
825 2006 875 2052 ὅτ
899 2022 956 2053 ex
978 2006 1158 2070 reliquis
1182 2006 1294 2054 ficut
1327 2007 1374 2053 in
1397 2004 1520 2053 sensu
1544 2007 1722 2052 interno
1754 2002 1974 2066 explicata
1995 1999 2111 2055 sunt.

589 2070 727 2133 1964.
763 2070 816 2116 In
839 2073 1055 2133 pariendo
1072 2075 1232 2137 Hagar
1264 2071 1582 2135 Jischmaelem
1604 2069 1830 2126 Abramo,
1868 2067 1997 2132 quod
2030 2064 2253 2131 fignificet
2286 2079 2397 2113 cum
2419 2064 2518 2131 vita

514 2133 762 2183 affeffionis
802 2135 1082 2185 scientiarum
1121 2142 1296 2202 peperit
1334 2138 1587 2194 Rationale,
1632 2135 1804 2185 constat
1842 2151 1901 2184 ex
1939 2132 2264 2197 significatione
2294 2132 2514 2195 Hagaris‚

515 2201 642 2263 quod
666 2202 719 2249 fit
742 2203 836 2249 vita
857 2204 1105 2252 affectionis
1140 2204 1458 2258 scientiarum·‚
1503 2205 1552 2249 ὅτ
1593 2218 1651 2248 ex
1689 2201 2014 2264 significatione
2045 2198 2261 2254 Ismaelis,
2300 2197 2427 2261 quod
2461 2198 2517 2247 fit

513 2267 750 2316 Rationale
772 2271 925 2333 primo
948 2283 1240 2334 conceptum,
1281 2270 1338 2317 de
1359 2269 1525 2334 quibus
1548 2267 1691 2331 supra.
1761 2267 1816 2313 In
1835 2266 1923 2313 hoc
1942 2265 2122 2328 Capite,
2146 2265 2253 2328 quia
2275 2265 2428 2312 aetum
2450 2264 2516 2311 est

515 2333 573 2381 de
588 2335 815 2383 Rationali
837 2337 1053 2395 hominis,
1088 2340 1138 2386 ὅτ
1160 2337 1434 2401 descriptum
1456 2334 1587 2399 quale
1610 2333 1690 2390 est,
1729 2331 1915 2396 quando
1946 2329 2240 2379 solummodo
2262 2345 2369 2376 vera
2394 2329 2513 2378 illud

513 2400 811 2455 constituunt,
847 2405 896 2451 δι
920 2405 1050 2467 quale
1089 2403 1154 2451 est
1192 2420 1301 2452 cum
1324 2403 1462 2460 bona,
1487 2402 1538 2450 ὅτ
1575 2417 1633 2448 ex
1667 2399 1797 2446 bonis
1821 2414 1941 2455 vera,
1976 2396 2231 2452 sciendum,
2264 2394 2392 2459 quod
2416 2396 2511 2444 Ra-

514 2467 680 2515 tionale
718 2468 938 2533 nusquam
979 2472 1159 2534 concipi
1200 2472 1249 2518 &
1282 2469 1413 2526 nasci,
1449 2467 1522 2515 seu
1561 2465 1746 2514 formari
1785 2466 1936 2529 possit,
1975 2462 2141 2527 absque
2174 2462 2427 2511 scientificis
2460 2463 2511 2510 &

514 2534 888 2597 cognitionibus;
944 2536 1020 2584 sed·
1052 2537 1292 2583 scientifica
1329 2537 1379 2584 δι
1418 2534 1700 2598 cognitiones
1735 2547 1821 2595 pro
1860 2531 1949 2578 fine
1987 2529 2218 2578 habebunt
2261 2526 2412 2585 usum,
2459 2527 2512 2576 &

510 2602 698 2662 quando
722 2600 868 2658 usum,
895 2619 979 2666 pro
1003 2603 1092 2651 fine
1117 2603 1282 2651 habent
1299 2603 1459 2658 vitam,
1483 2617 1589 2648 nam
1612 2601 1762 2648 omnis
1783 2599 1882 2646 vita
1897 2597 1967 2644 >est
1988 2596 2152 2645 usuum
2177 2595 2283 2659 quia
2305 2594 2470 2642 finium
2485 2616 2502 2650 ς

512 2667 594 2713 nisi
633 2669 923 2716 addiscuntur
951 2683 1136 2734 propter
1171 2671 1314 2717 vitam
1344 2668 1526 2725 usuum,
1565 2666 1733 2714 nullius
1773 2665 1996 2713 momenti
2034 2663 2154 2719 sunt,
2201 2662 2308 2725 quia
2343 2660 2509 2708 nullius

511 2733 648 2789 usus;
685 2752 740 2782 ex
764 2733 863 2782 solis
887 2736 989 2794 illis,
1031 2753 1195 2800 nempe
1231 2735 1482 2783 scientificis
1519 2736 1569 2782 ὅτ
1601 2731 1959 2796 cognitionibus,
1993 2728 2276 2793 absque‘ffvita
2297 2725 2417 2782 usus,
2454 2726 2509 2773 fit

510 2798 762 2859 Rationale,
800 2800 911 2850 ficut
935 2803 1227 2867 descriptum,
1262 2801 1395 2851 instar
1417 2801 1592 2864 onagri,
1618 2798 1868 2855 morosum,
1892 2811 2096 2861 pugnax,
2119 2795 2263 2840 vitam
2287 2791 2506 2839 torridam

510 2867 562 2914 &
587 2867 747 2916 siccam
773 2863 953 2926 habens,
989 2886 1045 2917 ex
1075 2870 1271 2933 quadam
1307 2868 1544 2915 dilectione
1568 2867 1663 2914 veri
1687 2864 1968 2927 conspurcati
2001 2875 2154 2908 amore
2186 2858 2288 2914 sui;
2329 2871 2372 2905 at
2396 2873 2506 2905 cum

509 2949 596 2997 pro
619 2934 708 2983 fine
732 2937 896 2992 habent
920 2934 1069 2992 usum,
1104 2948 1213 2982 tunc
1238 2936 1467 2998 accipiunt
1489 2936 1636 2981 vitam
1667 2947 1723 2979 ex
1744 2930 1913 2985 usibus,
1946 2926 2022 2975 sed
2045 2926 2180 2974 talem
2204 2926 2367 3000 vitam,
2392 2940 2503 2987 qua-

510 3001 602 3047 lem
637 3001 771 3052 usus:
819 3003 899 3066 qui
925 3003 1218 3065 cognitiones
1253 3001 1506 3058 addiscunt,
1541 3012 1595 3046 ut
1634 2997 1922 3062 perficiantur
1955 2995 2003 3041 in
2041 2993 2134 3040 fide
2172 3007 2354 3047 amorls,
2394 3005 2501 3065 nam

510 3083 615 3115 vera
636 3069 685 3116 δε
710 3071 799 3134 ipsa
824 3069 934 3116 fides
956 3069 1018 3116 est
1042 3084 1170 3116 amor
1193 3070 1240 3116 in
1268 3069 1540 3123 Dominum,
1574 3066 1624 3113 &
1658 3079 1767 3127 erga
1799 3062 2087 3126 proximum,
2122 3057 2188 3108 illi
2218 3059 2266 3106 in
2289 3072 2501 3105 omnium

508 3132 671 3183 usuum
696 3135 775 3184 usu
800 3137 916 3192 sunt,
954 3137 1002 3183 δε
1028 3138 1172 3181 vitam
1212 3134 1483 3199 spiritualem
1523 3133 1574 3180 &
1612 3128 1844 3179 coelestem
1878 3128 2106 3191 accipiunt
2137 3141 2163 3172 a
2183 3125 2409 3179 Domino,
2451 3123 2501 3171 &

502 3216 615 3250 cum
637 3204 685 3251 in
707 3204 782 3252 illa
804 3205 912 3260 vita,
947 3204 995 3251 in
1017 3201 1227 3254 facultate
1249 3201 1350 3250 sunt
1371 3197 1650 3265 percipiendi
1673 3197 1830 3246 omnia
1849 3210 1956 3260 quae
1978 3193 2080 3242 sunt
2102 3192 2254 3256 Regni
2269 3190 2464 3264 Domini
2484 3210 2499 3243 ς

2450 3269 2498 3300 m
